NO,SECCODE,BUYSELL,TIME,ORDERNO,ACTION,PRICE,VOLUME,TRADENO,TRADEPRICE
1,EUR_RUB__TOM,B,100000053255,1,1,76.015,3000000,,
2,EUR_RUB__TOM,S,100000053274,2,1,76.235,3000000,,
3,GBPRUB_TOM,B,100000085872,3,1,83,1000,,
4,USD000UTSTOM,B,100000086472,4,1,63.1775,9000,,
5,USD000UTSTOM,B,100000100091,5,1,59.1,1000,,
6,EUR_RUB__TOM,S,100000103318,6,1,76.565,3000000,,
7,USD000UTSTOM,B,100000110416,7,1,61.6,1000,,
8,USD000UTSTOM,B,100000112461,8,1,63.15,26000,,
9,EUR_RUB__TOM,B,100000118302,9,1,76.035,3000000,,
10,EUR_RUB__TOM,B,100000118350,1,0,76.015,3000000,,
11,USD000UTSTOM,S,100000127340,10,1,66,1000,,
12,USD000UTSTOM,S,100000127371,11,1,66.91,18000,,
13,USD000UTSTOM,S,100000129192,12,1,66,1000,,
14,USD000UTSTOM,S,100000129491,13,1,65.78,1000,,
15,USD000UTSTOM,S,100000130938,14,1,66,1000,,
16,USD000UTSTOM,S,100000131649,15,1,66.0075,1000,,
17,USD000UTSTOM,S,100000132598,16,1,66.19,1000,,
18,USD000UTSTOM,S,100000133843,17,1,65.5,1000,,
19,USD000UTSTOM,S,100000134383,18,1,65.88,50000,,
20,USD000UTSTOM,S,100000136168,19,1,67,1000,,
21,USD000UTSTOM,S,100000136213,20,1,65.11,10000,,
22,USD000UTSTOM,S,100000137910,21,1,66.91,1000,,
23,USD000UTSTOM,S,100000138390,22,1,65.5,35000,,
24,USD000UTSTOM,S,100000139652,23,1,65.9625,1000,,
25,USD000UTSTOM,S,100000140589,24,1,65.15,1000,,
26,USD000UTSTOM,S,100000141414,25,1,65.9,18000,,
27,USD000UTSTOM,S,100000142645,26,1,65,1000,,
28,USD000UTSTOM,B,100000143268,27,1,63.21,40000,,
29,USD000UTSTOM,S,100000143487,28,1,65.285,1000,,
30,USD000UTSTOM,S,100000143650,29,1,63.41,40000,,
31,USD000UTSTOM,B,100000143948,30,1,63.21,40000,,
32,USD000UTSTOM,S,100000144237,31,1,63.41,40000,,
33,USD000UTSTOM,B,100000144532,32,1,63.21,40000,,
34,USD000UTSTOM,S,100000144767,33,1,66.88,2000,,
35,USD000UTSTOM,S,100000144814,34,1,63.41,40000,,
36,USD000UTSTOM,B,100000145090,35,1,63.21,40000,,
37,USD000UTSTOM,S,100000145248,36,1,65,1000,,
38,USD000UTSTOM,S,100000145361,37,1,63.41,40000,,
39,USD000UTSTOM,B,100000145633,38,1,63.21,40000,,
40,USD000UTSTOM,S,100000145900,39,1,63.41,40000,,
41,USD000UTSTOM,B,100000146195,40,1,63.21,40000,,
42,USD000UTSTOM,S,100000146470,41,1,63.41,40000,,
43,USD000UTSTOM,B,100000146770,42,1,63.21,40000,,
44,USD000UTSTOM,S,100000147014,43,1,65,1000,,
45,USD000UTSTOM,S,100000147028,44,1,66.995,1000,,
46,USD000UTSTOM,B,100000148818,45,1,60.54,10000,,
47,USD000UTSTOM,S,100000149282,46,1,65,2000,,
48,EUR_RUB__TOM,B,100000150280,47,1,76.065,1000000,,
49,USD000UTSTOM,B,100000150293,48,1,63.335,100000,,
50,USD000UTSTOM,B,100000150301,49,1,63.325,100000,,
51,EUR_RUB__TOM,S,100000150308,50,1,76.195,1000000,,
52,EURUSD000TOM,S,100000150319,51,1,1.20165,1000000,,
53,USD000UTSTOM,S,100000150707,52,1,63.42,100000,,
54,USD000UTSTOM,S,100000150783,53,1,65.3,3000,,
55,CNYRUB_TOM,B,100000151029,54,1,9.952,500000,,
56,CNYRUB_TOM,S,100000151306,55,1,9.986,500000,,
57,USD000UTSTOM,S,100000151457,56,1,65.5,1000,,
58,CNYRUB_TOM,B,100000151569,57,1,9.9546,3000000,,
59,CNYRUB_TOM,S,100000151818,58,1,9.984,3000000,,
60,USD000UTSTOM,S,100000152568,59,1,66.0125,1000,,
61,EURUSD000TOM,B,100000153199,60,1,1.20095,1000000,,
62,USD000UTSTOM,S,100000153676,61,1,66,1000,,
63,USD000UTSTOM,S,100000154347,62,1,64.4,30000,,
64,USD000UTSTOM,S,100000154617,63,1,63.41,40000,,
65,USD000UTSTOM,B,100000154923,64,1,63.21,40000,,
66,USD000UTSTOM,S,100000155210,65,1,63.41,40000,,
67,USD000UTSTOM,B,100000155510,66,1,63.21,40000,,
68,USD000UTSTOM,S,100000155800,67,1,63.41,40000,,
69,USD000UTSTOM,S,100000155930,68,1,66,2000,,
70,USD000UTSTOM,B,100000156083,69,1,63.21,40000,,
71,USD000UTSTOM,S,100000156099,70,1,66.4725,1000,,
72,USD000UTSTOM,S,100000156359,71,1,63.41,40000,,
73,USD000UTSTOM,S,100000157951,72,1,64.5475,1000,,
74,USD000UTSTOM,S,100000158171,73,1,65,4000,,
75,USD000UTSTOM,S,100000159741,74,1,64.795,1000,,
76,USD000UTSTOM,S,100000160699,75,1,66,1000,,
77,USD000UTSTOM,S,100000161547,76,1,63.925,1000,,
78,USD000UTSTOM,S,100000162808,77,1,65,3000,,
79,USD000UTSTOM,S,100000163338,78,1,64.5775,2000,,
80,USD000UTSTOM,S,100000164957,79,1,64,1000,,
81,USD000UTSTOM,S,100000164986,80,1,64.9925,1000,,
82,USD000UTSTOM,S,100000166673,81,1,66.5975,1000,,
83,USD000UTSTOM,S,100000166983,82,1,66.66,20000,,
84,USD000UTSTOM,S,100000168485,83,1,66.9975,1000,,
85,EUR_RUB__TOM,B,100000169014,84,1,75.9,3000000,,
86,USD000UTSTOM,S,100000169223,85,1,66.5,5000,,
87,USD000UTSTOM,S,100000170177,86,1,63.2,1000,,
88,USD000UTSTOM,B,100000170177,48,2,63.335,1000,168009383,63.335
89,USD000UTSTOM,S,100000170177,86,2,63.2,1000,168009383,63.335
90,USD000UTSTOM,S,100000171359,87,1,64.86,1000,,
91,USD000UTSTOM,B,100000172220,88,1,60.2,10000,,
92,USD000UTSTOM,S,100000173515,89,1,64,1000,,
93,USD000UTSTOM,B,100000174031,90,1,60.56,5000,,
94,USD000UTSTOM,S,100000175582,91,1,65,1000,,
95,USD000UTSTOM,S,100000175744,92,1,64.7975,1000,,
96,USD000UTSTOM,S,100000177567,93,1,65.7,4000,,
97,USD000UTSTOM,S,100000177735,94,1,65,1000,,
98,USD000UTSTOM,S,100000179309,95,1,67.05,9000,,
99,USD000UTSTOM,S,100000179949,96,1,64.99,1000,,
100,USD000UTSTOM,S,100000181275,97,1,65.3775,15000,,
101,USD000UTSTOM,S,100000182127,98,1,65,1000,,
102,USD000UTSTOM,B,100000182997,99,1,59,3000,,
103,USD000UTSTOM,S,100000184277,100,1,64.7,1000,,
104,USD000UTSTOM,B,100000184796,101,1,59.2,1000,,
105,USD000UTSTOM,S,100000186438,102,1,63.5,1000,,
106,USD000UTSTOM,B,100000186634,103,1,59.1,1000,,
107,USD000UTSTOM,B,100000188615,104,1,58.5,1000,,
108,USD000UTSTOM,S,100000188775,105,1,64.5,5000,,
109,USD000UTSTOM,B,100000190462,106,1,58.7,1000,,
110,USD000UTSTOM,S,100000190997,107,1,64.89,1000,,
111,USD000UTSTOM,B,100000192257,108,1,59.8,6000,,
112,USD000UTSTOM,S,100000193214,109,1,65,1000,,
113,USD000UTSTOM,S,100000194100,110,1,64.08,22000,,
114,USD000UTSTOM,B,100000194243,111,1,63.215,50000,,
115,USD000UTSTOM,S,100000195382,112,1,64.4925,10000,,
116,USD000UTSTOM,S,100000195907,113,1,65,1000,,
117,USD000UTSTOM,S,100000197747,114,1,65,1000,,
118,USD000UTSTOM,B,100000197757,115,1,59.1425,1000,,
119,USD000UTSTOM,S,100000197936,116,1,63.265,6000,,
120,USD000UTSTOM,B,100000197936,48,2,63.335,6000,168009384,63.335
121,USD000UTSTOM,S,100000197936,116,2,63.265,6000,168009384,63.335
122,USD000UTSTOM,B,100000198759,117,1,58.5025,100000,,
123,USD000UTSTOM,S,100000198788,118,1,67.0475,100000,,
124,USD000UTSTOM,S,100000199633,119,1,63.46,1000,,
125,USD000UTSTOM,B,100000200035,120,1,60.33,25000,,
126,EUR_RUB__TOM,B,100000200341,84,0,75.9,3000000,,
127,USD000UTSTOM,B,100000201492,121,1,58.5,5000,,
128,USD000UTSTOM,B,100000202226,122,1,60,1000,,
129,USD000UTSTOM,B,100000203340,123,1,59.555,50000,,
130,USD000UTSTOM,S,100000204443,124,1,63.5,1000,,
131,USD000UTSTOM,B,100000205168,125,1,59.255,50000,,
132,USD000UTSTOM,S,100000206666,126,1,65.02,1000,,
133,USD000UTSTOM,B,100000207027,127,1,59.1225,5000,,
134,USD000UTSTOM,S,100000208862,128,1,63.4425,1000,,
135,USD000UTSTOM,S,100000208905,129,1,64,3000,,
136,USD000UTSTOM,B,100000210722,130,1,60.25,1000,,
137,USD000UTSTOM,B,100000211088,131,1,60.14,1000,,
138,USD000UTSTOM,B,100000212506,132,1,60,1000,,
139,USD000UTSTOM,S,100000213622,133,1,65,5000,,
140,EUR_RUB__TOM,S,100000213676,134,1,78.5,3000,,
141,USD000UTSTOM,B,100000214363,135,1,60.3,1000,,
142,USD000UTSTOM,S,100000215874,136,1,65,10000,,
143,USD000UTSTOM,S,100000216219,137,1,67,1000,,
144,USD000UTSTOM,S,100000218092,138,1,65.12,4000,,
145,USD000UTSTOM,S,100000218135,139,1,64.64,1000,,
146,USD000UTSTOM,S,100000219962,140,1,63.9975,2000,,
147,USD000UTSTOM,S,100000220331,141,1,64.5,1000,,
148,USD000UTSTOM,S,100000221869,142,1,66,1000,,
149,USD000UTSTOM,B,100000223066,143,1,60.555,1000,,
150,USD000UTSTOM,S,100000223675,144,1,65,37000,,
151,USD000UTSTOM,B,100000225336,145,1,60,1000,,
152,USD000UTSTOM,B,100000225475,146,1,60.07,1000,,
153,USD000UTSTOM,S,100000227366,147,1,64,5000,,
154,EUR_RUB__TOM,S,100000227444,148,1,76.2325,200000,,
155,USD000UTSTOM,S,100000227565,149,1,63.8,3000,,
156,USD000UTSTOM,S,100000227991,118,0,67.0475,100000,,
157,USD000UTSTOM,S,100000227991,150,1,66.9925,100000,,
158,USD000UTSTOM,B,100000229170,151,1,60.0075,1000,,
159,USD000UTSTOM,S,100000229825,152,1,66.76,2000,,
160,USD000UTSTOM,B,100000231039,153,1,60,2000,,
161,USD000UTSTOM,S,100000232105,154,1,64,5000,,
162,USD000UTSTOM,B,100000232898,155,1,60,1000,,
163,USD000UTSTOM,S,100000234398,156,1,63.5,3000,,
164,USD000UTSTOM,B,100000234802,157,1,59.8,1000,,
165,USD000UTSTOM,S,100000236411,158,1,64.3,1000,,
166,USD000UTSTOM,S,100000236671,159,1,64.44,20000,,
167,USD000UTSTOM,S,100000238550,160,1,64.44,10000,,
168,USD000UTSTOM,S,100000238708,161,1,64.4,1000,,
169,USD000UTSTOM,S,100000240452,162,1,63.2875,10000,,
170,USD000UTSTOM,B,100000240452,48,2,63.335,10000,168009385,63.335
171,USD000UTSTOM,S,100000240452,162,2,63.2875,10000,168009385,63.335
172,USD000UTSTOM,B,100000240465,163,1,60,1000,,
173,USD000UTSTOM,S,100000241001,164,1,63.7,100000,,
174,USD000UTSTOM,S,100000242636,165,1,65,1000,,
175,USD000UTSTOM,S,100000243402,166,1,65.0025,5000,,
176,USD000UTSTOM,S,100000244506,167,1,64,1000,,
177,USD000UTSTOM,B,100000245606,168,1,60.3375,10000,,
178,GLDRUB_TOM,B,100000246041,169,1,2600,10,,
179,USD000UTSTOM,B,100000246371,170,1,59.75,5000,,
180,USD000UTSTOM,S,100000247837,171,1,63.3175,10000,,
181,USD000UTSTOM,B,100000247837,48,2,63.335,10000,168009386,63.335
182,USD000UTSTOM,S,100000247837,171,2,63.3175,10000,168009386,63.335
183,USD000UTSTOM,B,100000247847,172,1,60.1375,10000,,
184,USD000UTSTOM,B,100000248259,173,1,60.25,5000,,
185,USD000UTSTOM,B,100000250115,174,1,60.2,5000,,
186,USD000UTSTOM,B,100000250273,175,1,60.03,5000,,
187,EUR_RUB__TOM,B,100000251239,176,1,75.895,3000000,,
188,USD000UTSTOM,B,100000251983,177,1,60.1,5000,,
189,USD000UTSTOM,S,100000252563,178,1,64,1000,,
190,USD000UTSTOM,B,100000253917,179,1,60.15,5000,,
191,USD000UTSTOM,B,100000254812,180,1,60.1,2000,,
192,USD000UTSTOM,B,100000255775,181,1,60.05,5000,,
193,USD000UTSTOM,S,100000257066,182,1,64.5,1000,,
194,USD000UTSTOM,B,100000257679,183,1,60,5000,,
195,USD000UTSTOM,B,100000259259,184,1,59.5,1000,,
196,USD000UTSTOM,B,100000259549,185,1,60,5000,,
197,USD000UTSTOM,B,100000261459,186,1,60,1000,,
198,USD000UTSTOM,B,100000261489,187,1,60.5,5000,,
199,USD000UTSTOM,B,100000263160,188,1,63.1525,26000,,
200,USD000UTSTOM,B,100000263369,189,1,59.37,40000,,
201,USD000UTSTOM,S,100000263734,190,1,64.95,250000,,
202,USD000UTSTOM,S,100000265285,191,1,65,35000,,
203,USD000UTSTOM,B,100000265977,192,1,60.15,1000,,
204,USD000UTSTOM,B,100000267169,193,1,60.5,7000,,
205,USD000UTSTOM,B,100000268286,194,1,60.005,1000,,
206,USD000UTSTOM,B,100000269054,195,1,60.4,3000,,
207,USD000UTSTOM,B,100000270553,196,1,60.125,10000,,
208,USD000UTSTOM,B,100000270947,197,1,60.5025,1000,,
209,USD000UTSTOM,B,100000271553,198,1,62.9,8000,,
210,USD000UTSTOM,S,100000272854,199,1,64.8025,5000,,
211,USD000UTSTOM,B,100000272883,200,1,60.5,1000,,
212,USD000UTSTOM,B,100000274782,201,1,60.4475,1000,,
213,USD000UTSTOM,B,100000275164,202,1,60.12,5000,,
214,USD000UTSTOM,B,100000276692,203,1,60.6,3000,,
215,USD000UTSTOM,B,100000277544,204,1,60,5000,,
216,USD000UTSTOM,B,100000278522,205,1,60.585,1000,,
217,USD000UTSTOM,B,100000280058,206,1,59.22,5000,,
218,USD000UTSTOM,S,100000280410,207,1,67,13000,,
219,USD000UTSTOM,B,100000282300,208,1,60,1000,,
220,USD000UTSTOM,B,100000282337,209,1,60.45,5000,,
221,USD000UTSTOM,B,100000284262,210,1,60.7,1000,,
222,USD000UTSTOM,B,100000284718,211,1,59.6,2000,,
223,USD000UTSTOM,B,100000286171,212,1,60.5,5000,,
224,USD000UTSTOM,B,100000287059,213,1,60.1,1000,,
225,USD000UTSTOM,S,100000287843,214,1,64.07,10000,,
226,USD000UTSTOM,B,100000288017,215,1,60.7,2000,,
227,USD000UTSTOM,B,100000289459,216,1,60.005,15000,,
228,USD000UTSTOM,B,100000289908,217,1,60.505,1000,,
229,USD000UTSTOM,B,100000290443,117,0,58.5025,100000,,
230,USD000UTSTOM,B,100000290443,218,1,59.2575,100000,,
231,USD000UTSTOM,S,100000290892,219,1,63.7725,5000,,
232,USD000UTSTOM,B,100000291746,220,1,60.5,1000,,
233,USD000UTSTOM,B,100000291778,221,1,60.15,10000,,
234,SLVRUB_TOM,S,100000292216,222,1,34.72,1000,,
235,USD000UTSTOM,B,100000293670,223,1,60.33,5000,,
236,USD000UTSTOM,B,100000294085,224,1,60.3,1000,,
237,USD000UTSTOM,S,100000295267,225,1,63.41,100000,,
238,USD000UTSTOM,B,100000295982,226,1,60,9000,,
239,USD000UTSTOM,B,100000296565,227,1,60.1,1000,,
240,USD000UTSTOM,S,100000297906,228,1,65,1000,,
241,USD000UTSTOM,B,100000298872,229,1,60.2,2000,,
242,USD000UTSTOM,B,100000299824,230,1,60.64,5000,,
243,USD000UTSTOM,S,100000301224,231,1,63.8025,5000,,
244,USD000UTSTOM,B,100000301739,232,1,60.5,9000,,
245,USD000UTSTOM,B,100000303599,233,1,59,6000,,
246,USD000UTSTOM,B,100000303630,234,1,60.3,1000,,
247,USD000UTSTOM,S,100000304214,235,1,63.335,1000,,
248,USD000UTSTOM,B,100000304214,48,2,63.335,1000,168009387,63.335
249,USD000UTSTOM,S,100000304214,235,2,63.335,1000,168009387,63.335
250,EURUSD000TOM,B,100000304224,236,1,1.2009,1000000,,
251,USD000UTSTOM,B,100000305548,237,1,60.81,1000,,
252,USD000UTSTOM,B,100000306030,238,1,60.65,1000,,
253,USD000UTSTOM,B,100000307407,239,1,59.7,100000,,
254,USD000UTSTOM,B,100000307917,218,0,59.2575,100000,,
255,USD000UTSTOM,B,100000307917,240,1,59.7025,100000,,
256,USD000UTSTOM,B,100000308359,241,1,60.75,1000,,
257,USD000UTSTOM,B,100000309321,242,1,60,1000,,
258,USD000UTSTOM,S,100000310769,243,1,65,1000,,
259,USD000UTSTOM,B,100000311238,244,1,60.7725,1000,,
260,USD000UTSTOM,B,100000313057,245,1,59.6,1000,,
261,USD000UTSTOM,B,100000313077,246,1,60.8,2000,,
262,EUR_RUB__TOM,B,100000313731,247,1,75.9,3000000,,
263,EUR_RUB__TOM,B,100000313918,176,0,75.895,3000000,,
264,USD000UTSTOM,B,100000313983,248,1,61.2225,1000,,
265,USD000UTSTOM,B,100000314996,249,1,60.75,9000,,
266,USD000UTSTOM,B,100000315374,250,1,60.57,1000,,
267,USD000UTSTOM,S,100000316234,251,1,63.7775,1000,,
268,USD000UTSTOM,S,100000316760,150,0,66.9925,100000,,
269,USD000UTSTOM,S,100000316760,252,1,65.9975,100000,,
270,USD000UTSTOM,S,100000316924,253,1,64.0225,1000,,
271,USD000UTSTOM,B,100000317566,254,1,62.59,50000,,
272,USD000UTSTOM,B,100000317677,255,1,60.5575,3000,,
273,USD000UTSTOM,B,100000318957,256,1,61.245,1000,,
274,USD000UTSTOM,B,100000319190,257,1,61.76,20000,,
275,USD000UTSTOM,B,100000319675,240,0,59.7025,100000,,
276,USD000UTSTOM,B,100000319675,258,1,60.1525,100000,,
277,USD000UTSTOM,B,100000319791,259,1,62.99,25000,,
278,USD000UTSTOM,S,100000320056,260,1,66.95,1000,,
279,USD000UTSTOM,B,100000320895,261,1,61.85,10000,,
280,USD000UTSTOM,B,100000320906,262,1,60,100000,,
281,USD000UTSTOM,S,100000321629,263,1,63.29,25000,,
282,USD000UTSTOM,B,100000321629,48,2,63.335,25000,168009388,63.335
283,USD000UTSTOM,S,100000321629,263,2,63.29,25000,168009388,63.335
284,USD000UTSTOM,S,100000322678,264,1,64.95,1000,,
285,USD000UTSTOM,B,100000322728,265,1,61.92,10000,,
286,USD000UTSTOM,B,100000322973,266,1,60.0575,1000,,
287,EUR_RUB__TOM,S,100000323175,267,1,76.54,3000000,,
288,EUR_RUB__TOM,S,100000323330,6,0,76.565,3000000,,
289,USD000UTSTOM,S,100000324076,268,1,63.3,2000,,
290,USD000UTSTOM,B,100000324076,48,2,63.335,2000,168009389,63.335
291,USD000UTSTOM,S,100000324076,268,2,63.3,2000,168009389,63.335
292,USD000UTSTOM,B,100000324873,269,1,60.8,5000,,
293,USD000UTSTOM,S,100000324929,270,1,65.95,1000,,
294,USD000UTSTOM,S,100000325412,252,0,65.9975,100000,,
295,USD000UTSTOM,S,100000325412,271,1,65.8775,100000,,
296,USD000UTSTOM,B,100000326421,272,1,62.2,1000,,
297,USD000UTSTOM,S,100000326906,273,1,64,1000,,
298,USD000UTSTOM,B,100000327168,274,1,60.3175,1000,,
299,USD000UTSTOM,S,100000328846,275,1,65,2000,,
300,USD000UTSTOM,B,100000329429,276,1,60.475,1000,,
301,USD000UTSTOM,S,100000330692,277,1,65,1000,,
302,USD000UTSTOM,B,100000331792,278,1,60.47,30000,,
303,USD000UTSTOM,S,100000332612,279,1,63.5,1000,,
304,USD000UTSTOM,B,100000332692,280,1,60.6,1000,,
305,USD000UTSTOM,B,100000334443,281,1,58.4,10000,,
306,USD000UTSTOM,B,100000334626,282,1,60.4775,2000,,
307,USD000UTSTOM,S,100000335682,283,1,63.4,4000,,
308,USD000UTSTOM,S,100000336560,284,1,63.25,3000,,
309,USD000UTSTOM,B,100000336560,48,2,63.335,3000,168009390,63.335
310,USD000UTSTOM,S,100000336560,284,2,63.25,3000,168009390,63.335
311,USD000UTSTOM,S,100000336588,285,1,65.3,10000,,
312,USD000UTSTOM,B,100000338653,286,1,61,1000,,
313,USD000UTSTOM,B,100000339118,287,1,59.9,4000,,
314,USD000UTSTOM,S,100000340553,288,1,63.3,10000,,
315,USD000UTSTOM,B,100000340553,48,2,63.335,10000,168009391,63.335
316,USD000UTSTOM,S,100000340553,288,2,63.3,10000,168009391,63.335
317,USD000UTSTOM,S,100000340623,289,1,63.33,1500000,,
318,USD000UTSTOM,B,100000340623,48,2,63.335,32000,168009392,63.335
319,USD000UTSTOM,S,100000340623,289,2,63.33,32000,168009392,63.335
320,USD000UTSTOM,S,100000341515,290,1,63.325,100000,,
321,USD000UTSTOM,B,100000341515,49,2,63.325,100000,168009393,63.325
322,USD000UTSTOM,S,100000341515,290,2,63.325,100000,168009393,63.325
323,USD000UTSTOM,S,100000341529,291,1,63.325,13000,,
324,USD000UTSTOM,S,100000341529,291,0,63.325,13000,,
325,USD000UTSTOM,B,100000341650,292,1,59.75,1000,,
326,EUR_RUB__TOM,B,100000342193,47,0,76.065,1000000,,
327,USD000UTSTOM,S,100000342303,293,1,63.325,100000,,
328,USD000UTSTOM,S,100000342303,293,0,63.325,100000,,
329,USD000UTSTOM,B,100000342635,294,1,61.3125,1000,,
330,USD000UTSTOM,S,100000342699,295,1,63.325,40000,,
331,USD000UTSTOM,S,100000342699,295,0,63.325,40000,,
332,EUR_RUB__TOM,S,100000343357,267,0,76.54,3000000,,
333,USD000UTSTOM,S,100000344332,296,1,65,5000,,
334,USD000UTSTOM,B,100000344615,297,1,61.2,2000,,
335,USD000UTSTOM,B,100000346514,298,1,58.96,5000,,
336,USD000UTSTOM,B,100000346547,299,1,60.7,100000,,
337,USD000UTSTOM,B,100000347068,258,0,60.1525,100000,,
338,USD000UTSTOM,B,100000347068,300,1,60.7025,100000,,
339,USD000UTSTOM,B,100000348402,301,1,61.05,59000,,
340,USD000UTSTOM,B,100000348887,302,1,60,100000,,
341,USD000UTSTOM,B,100000349780,303,1,61.72,10000,,
342,USD000UTSTOM,B,100000350463,304,1,61.25,5000,,
343,USD000UTSTOM,B,100000351088,305,1,61.45,5000,,
344,USD000UTSTOM,B,100000351217,306,1,60.5,9000,,
345,USD000UTSTOM,B,100000352348,307,1,61.0075,1000,,
346,USD000UTSTOM,S,100000353332,308,1,63.335,5000,,
347,USD000UTSTOM,B,100000353583,309,1,61,1000,,
348,USD000UTSTOM,B,100000354265,310,1,61.35,5000,,
349,USD000UTSTOM,S,100000355963,311,1,65.445,69000,,
350,USD000UTSTOM,B,100000356217,312,1,61.25,2000,,
351,USD000UTSTOM,B,100000358177,313,1,59,1000,,
352,USD000UTSTOM,B,100000358397,314,1,60,300000,,
353,USD000UTSTOM,B,100000360089,315,1,61.4,3000,,
354,USD000UTSTOM,B,100000360704,316,1,61.05,100000,,
355,USD000UTSTOM,B,100000361028,317,1,63.27,100000,,
356,USD000UTSTOM,B,100000361196,300,0,60.7025,100000,,
357,USD000UTSTOM,B,100000361196,318,1,61.0525,100000,,
358,USD000UTSTOM,B,100000362033,319,1,61.4,1000,,
359,USD000UTSTOM,B,100000363075,320,1,60.815,8000,,
360,USD000UTSTOM,S,100000363896,321,1,65,15000,,
361,USD000UTSTOM,S,100000364488,322,1,63.69,1000,,
362,EUR_RUB__TOM,S,100000364628,148,0,76.2325,200000,,
363,EUR_RUB__TOM,S,100000364628,323,1,76.1925,200000,,
364,USD000UTSTOM,B,100000365529,324,1,60.3,5000,,
365,USD000UTSTOM,S,100000365845,325,1,65.3,7000,,
366,USD000UTSTOM,B,100000367866,326,1,61.4,10000,,
367,USD000UTSTOM,B,100000367910,327,1,61.1025,15000,,
368,USD000UTSTOM,S,100000368868,328,1,63.285,10000,,
369,USD000UTSTOM,B,100000369736,329,1,61.5,1000,,
370,USD000UTSTOM,S,100000370096,330,1,64.02,2000,,
371,USD000UTSTOM,S,100000370221,331,1,64.5,1000,,
372,USD000UTSTOM,B,100000371695,332,1,61,1000,,
373,USD000UTSTOM,S,100000371971,333,1,63.79,86000,,
374,USD000UTSTOM,B,100000372515,334,1,60.1,1000,,
375,USD000UTSTOM,S,100000373613,335,1,64.2825,1000,,
376,USD000UTSTOM,B,100000374776,336,1,63.01,8000,,
377,USD000UTSTOM,B,100000374819,337,1,60.86,1000,,
378,USD000UTSTOM,S,100000375522,338,1,64.7775,1000,,
379,USD000UTSTOM,B,100000375948,339,1,62.7775,100000,,
380,USD000UTSTOM,B,100000376282,340,1,63.285,10000,,
381,USD000UTSTOM,B,100000376282,340,2,63.285,10000,168009394,63.285
382,USD000UTSTOM,S,100000376282,328,2,63.285,10000,168009394,63.285
383,USD000UTSTOM,B,100000376316,341,1,63.285,10000,,
384,USD000UTSTOM,B,100000376316,341,0,63.285,10000,,
385,USD000UTSTOM,B,100000377177,342,1,61,5000,,
386,USD000UTSTOM,S,100000377447,343,1,64.095,1000,,
387,USD000UTSTOM,B,100000378122,344,1,63.035,78000,,
388,USD000UTSTOM,S,100000379347,345,1,65,13000,,
389,USD000UTSTOM,B,100000379501,346,1,60.87,1000,,
390,USD000UTSTOM,S,100000381271,347,1,64.7275,7000,,
391,USD000UTSTOM,S,100000381600,348,1,64.4975,150000,,
392,USD000UTSTOM,B,100000381815,349,1,58.84,1000,,
393,USD000UTSTOM,S,100000382178,271,0,65.8775,100000,,
394,USD000UTSTOM,S,100000382178,350,1,64.9475,100000,,
395,USD000UTSTOM,B,100000383446,351,1,61.5,20000,,
396,USD000UTSTOM,B,100000384218,352,1,61.005,1000,,
397,USD000UTSTOM,S,100000384888,353,1,63.335,5000,,
398,USD000UTSTOM,S,100000385230,354,1,63.63,50000,,
399,USD000UTSTOM,B,100000385407,355,1,60,1000,,
400,USD000UTSTOM,S,100000386812,356,1,64,5000,,
401,USD000UTSTOM,S,100000387345,357,1,63.9,5000,,
402,USD000UTSTOM,S,100000389197,358,1,63.5,5000,,
403,USD000UTSTOM,S,100000389223,359,1,63.4,1000,,
404,USD000UTSTOM,B,100000391129,360,1,61.345,1000,,
405,USD000UTSTOM,S,100000391139,361,1,63.5,60000,,
406,USD000UTSTOM,B,100000391556,362,1,60.5,15000,,
407,USD000UTSTOM,B,100000393032,363,1,60.865,1000,,
408,EUR_RUB__TOM,B,100000393238,9,0,76.035,3000000,,
409,EUR_RUB__TOM,S,100000393756,364,1,76.565,3000000,,
410,USD000UTSTOM,B,100000393819,365,1,63,40000,,
411,USD000UTSTOM,S,100000393926,366,1,64.5,3000,,
412,USD000UTSTOM,B,100000395062,367,1,61.5775,2000,,
413,USD000UTSTOM,B,100000396176,368,1,61.3,50000,,
414,USD000UTSTOM,S,100000396988,369,1,63.2,3000,,
415,USD000UTSTOM,B,100000396988,317,2,63.27,3000,168009395,63.27
416,USD000UTSTOM,S,100000396988,369,2,63.2,3000,168009395,63.27
417,USD000UTSTOM,B,100000397014,370,1,63.33,1000000,,
418,USD000UTSTOM,B,100000397014,370,2,63.33,1000000,168009396,63.33
419,USD000UTSTOM,S,100000397014,289,2,63.33,1000000,168009396,63.33
420,USD000UTSTOM,B,100000398562,371,1,61.3,30000,,
421,USD000UTSTOM,S,100000399165,372,1,64.1125,2000,,
422,USD000UTSTOM,B,100000400903,373,1,61,100000,,
423,USD000UTSTOM,S,100000401038,374,1,64.2975,1000,,
424,USD000UTSTOM,S,100000402975,375,1,65.985,1000,,
425,USD000UTSTOM,B,100000403224,376,1,58.64,1000,,
426,EURUSD000TOM,S,100000403336,377,1,1.2017,1000000,,
427,USD000UTSTOM,S,100000405128,378,1,64.95,1000,,
428,USD000UTSTOM,B,100000405598,379,1,61.22,4000,,
429,USD000UTSTOM,S,100000407071,380,1,66.075,1000,,
430,USD000UTSTOM,B,100000407979,381,1,59.025,1000,,
431,USD000UTSTOM,S,100000408962,382,1,65,10000,,
432,USD000UTSTOM,B,100000409243,383,1,63.1525,26000,,
433,USD000UTSTOM,B,100000410409,384,1,61,1000,,
434,USD000UTSTOM,S,100000410764,385,1,63.5,5000,,
435,USD000UTSTOM,S,100000411597,386,1,63.6,50000,,
436,USD000UTSTOM,B,100000411961,387,1,63.275,50000,,
437,USD000UTSTOM,B,100000411976,111,0,63.215,50000,,
438,USD000UTSTOM,S,100000412695,388,1,64.5,5000,,
439,USD000UTSTOM,B,100000412725,389,1,60.9125,1000,,
440,USD000UTSTOM,S,100000414646,390,1,66,20000,,
441,USD000UTSTOM,B,100000415156,391,1,61.3275,2000,,
442,USD000UTSTOM,S,100000416056,392,1,63.78,50000,,
443,USD000UTSTOM,S,100000416559,393,1,63.2175,1000,,
444,USD000UTSTOM,B,100000416559,387,2,63.275,1000,168009397,63.275
445,USD000UTSTOM,S,100000416559,393,2,63.2175,1000,168009397,63.275
446,USD000UTSTOM,B,100000417217,387,0,63.275,49000,,
447,USD000UTSTOM,B,100000417659,394,1,61.0275,2000,,
448,USD000UTSTOM,S,100000418818,395,1,63.7225,1000,,
449,USD000UTSTOM,B,100000419990,396,1,60.8,1000,,
450,USD000UTSTOM,B,100000420832,397,1,60.1,3000,,
451,USD000UTSTOM,B,100000422549,398,1,61.4,200000,,
452,USD000UTSTOM,B,100000422838,399,1,60.3,1000,,
453,USD000UTSTOM,B,100000423063,318,0,61.0525,100000,,
454,USD000UTSTOM,B,100000423063,400,1,61.4025,100000,,
455,USD000UTSTOM,B,100000424799,401,1,60.7,1000,,
456,USD000UTSTOM,B,100000424834,402,1,59.5475,7000,,
457,USD000UTSTOM,S,100000426707,403,1,63.5,1000,,
458,USD000UTSTOM,B,100000427180,404,1,60.78,10000,,
459,USD000UTSTOM,S,100000428812,405,1,63.5,1000,,
460,USD000UTSTOM,B,100000429541,406,1,60.76,50000,,
461,USD000UTSTOM,B,100000430728,407,1,61,1000,,
462,USD000UTSTOM,B,100000431848,408,1,61.35,4000,,
463,USD000UTSTOM,S,100000432649,409,1,65.5,10000,,
464,USD000UTSTOM,B,100000438056,410,1,61.5025,4000,,
465,USD000UTSTOM,S,100000439089,411,1,63.4,10000,,
466,USD000UTSTOM,B,100000440305,412,1,61.55,3000,,
467,USD000UTSTOM,B,100000441027,413,1,61.65,1000,,
468,USD000UTSTOM,S,100000441804,414,1,64.5,10000,,
469,USD000UTSTOM,B,100000442537,415,1,60.6,5000,,
470,USD000UTSTOM,B,100000442916,416,1,61.665,1000,,
471,USD000UTSTOM,S,100000444835,417,1,63.9,5000,,
472,USD000UTSTOM,B,100000444877,418,1,61.0725,7000,,
473,USD000UTSTOM,B,100000446796,419,1,61.6025,1000,,
474,USD000UTSTOM,B,100000447592,420,1,60.925,1000,,
475,USD000UTSTOM,B,100000448711,421,1,60.81,5000,,
476,USD000UTSTOM,S,100000449970,422,1,63.25,5000,,
477,USD000UTSTOM,B,100000449970,317,2,63.27,5000,168009398,63.27
478,USD000UTSTOM,S,100000449970,422,2,63.25,5000,168009398,63.27
479,USD000UTSTOM,B,100000450635,423,1,61.4975,1000,,
480,USD000UTSTOM,B,100000452560,424,1,61.265,51000,,
481,USD000UTSTOM,B,100000452585,425,1,61.3375,1000,,
482,EUR_RUB__TOM,B,100000453256,426,1,76.035,3000000,,
483,USD000UTSTOM,B,100000454544,427,1,61.6,1000,,
484,USD000UTSTOM,S,100000454982,428,1,65.5325,3000,,
485,USD000UTSTOM,S,100000456392,429,1,67,2000,,
486,USD000UTSTOM,B,100000457337,430,1,61.515,2000,,
487,USD000UTSTOM,B,100000458291,431,1,61.7375,5000,,
488,USD000UTSTOM,S,100000459728,432,1,64.985,10000,,
489,USD000UTSTOM,B,100000460192,433,1,59,1000,,
490,USD000UTSTOM,S,100000462086,434,1,64,2000,,
491,USD000UTSTOM,B,100000462251,435,1,61.33,10000,,
492,USD000UTSTOM,B,100000464155,436,1,61.7,1000,,
493,USD000UTSTOM,B,100000464384,437,1,61.4,1000,,
494,USD000UTSTOM,B,100000466055,438,1,61.7225,1000,,
495,USD000UTSTOM,B,100000466701,439,1,60,3000,,
496,EUR_RUB__TOM,S,100000467526,440,1,76.22,3000000,,
497,EUR_RUB__TOM,S,100000467810,2,0,76.235,3000000,,
498,USD000UTSTOM,B,100000467960,441,1,58.9075,50000,,
499,USD000UTSTOM,B,100000468934,442,1,61,3000,,
500,USD000UTSTOM,B,100000469895,443,1,61.31,10000,,
501,USD000UTSTOM,B,100000471298,444,1,61.35,1000,,
502,USD000UTSTOM,B,100000471815,445,1,61.005,1000,,
503,USD000UTSTOM,B,100000473638,446,1,61.28,1000,,
504,USD000UTSTOM,B,100000473662,447,1,61.5,2000,,
505,USD000UTSTOM,S,100000475608,448,1,63.5,50000,,
506,USD000UTSTOM,B,100000475864,449,1,61.23,1000,,
507,USD000UTSTOM,B,100000477545,450,1,61.3,1000,,
508,USD000UTSTOM,B,100000478235,451,1,61.18,1000,,
509,USD000UTSTOM,B,100000479732,452,1,61.7,2000,,
510,USD000UTSTOM,B,100000480568,453,1,61.13,1000,,
511,USD000UTSTOM,B,100000481673,454,1,61.76,50000,,
512,USD000UTSTOM,B,100000482959,455,1,61.1,1000,,
513,USD000UTSTOM,B,100000483569,456,1,61.7025,1000,,
514,USD000UTSTOM,B,100000483883,457,1,0,25000,,
515,USD000UTSTOM,B,100000483883,457,2,0,25000,168009399,63.33
516,USD000UTSTOM,S,100000483883,289,2,63.33,25000,168009399,63.33
517,USD000UTSTOM,B,100000485207,458,1,61.07,1000,,
518,USD000UTSTOM,B,100000485508,459,1,61.7,1000,,
519,USD000UTSTOM,B,100000486508,460,1,63.19,45000,,
520,USD000UTSTOM,B,100000487435,461,1,61.03,1000,,
521,USD000UTSTOM,B,100000487460,462,1,61.9525,5000,,
522,USD000UTSTOM,B,100000489376,463,1,61.86,1000,,
523,USD000UTSTOM,B,100000489790,464,1,61,1000,,
524,USD000UTSTOM,S,100000491291,465,1,65,1000,,
525,USD000UTSTOM,S,100000492159,466,1,63.69,10000,,
526,USD000UTSTOM,B,100000493133,467,1,60.305,30000,,
527,USD000UTSTOM,S,100000494613,468,1,65.05,20000,,
528,USD000UTSTOM,B,100000494683,469,1,63.45,30000,,
529,USD000UTSTOM,B,100000494683,469,2,63.45,30000,168009400,63.33
530,USD000UTSTOM,S,100000494683,289,2,63.33,30000,168009400,63.33
531,USD000UTSTOM,S,100000495071,470,1,65,1000,,
532,USD000UTSTOM,S,100000496950,471,1,65.5,1000,,
533,USD000UTSTOM,S,100000496980,472,1,63.3,1000,,
534,USD000UTSTOM,S,100000498858,473,1,66,1000,,
535,USD000UTSTOM,S,100000499355,474,1,65.405,2000,,
536,USD000UTSTOM,B,100000500782,475,1,61.8,2000,,
537,USD000UTSTOM,B,100000501821,476,1,61.3625,5000,,
538,USD000UTSTOM,B,100000502194,477,1,62.91,35000,,
539,USD000UTSTOM,S,100000504198,478,1,63.6725,2000,,
540,EUR_RUB__TOM,B,100000504346,479,1,75.905,3000000,,
541,USD000UTSTOM,B,100000504357,480,1,61.1625,50000,,
542,EUR_RUB__TOM,B,100000504683,247,0,75.9,3000000,,
543,USD000UTSTOM,B,100000506326,481,1,61.77,8000,,
544,USD000UTSTOM,S,100000506565,482,1,63.87,2000,,
545,USD000UTSTOM,B,100000508284,483,1,61.4625,5000,,
546,USD000UTSTOM,S,100000508977,484,1,63.5,10000,,
547,USD000UTSTOM,S,100000509652,485,1,63.9525,10000,,
548,USD000UTSTOM,B,100000510215,486,1,61.105,3000,,
549,USD000UTSTOM,S,100000511345,487,1,63.25,8000,,
550,USD000UTSTOM,B,100000511345,317,2,63.27,8000,168009401,63.27
551,USD000UTSTOM,S,100000511345,487,2,63.25,8000,168009401,63.27
552,USD000UTSTOM,S,100000512107,488,1,63.3,4000,,
553,USD000UTSTOM,B,100000514015,489,1,61.3,1000,,
554,USD000UTSTOM,B,100000514052,490,1,62.1325,5000,,
555,EUR_RUB__TOM,S,100000515290,491,1,76.19,1000000,,
556,EUR_RUB__TOM,S,100000515322,50,0,76.195,1000000,,
557,USD000UTSTOM,S,100000515971,492,1,64.8575,20000,,
558,EUR_RUB__TOM,S,100000516316,323,0,76.1925,200000,,
559,EUR_RUB__TOM,S,100000516316,493,1,76.1875,200000,,
560,USD000UTSTOM,B,100000516403,494,1,61.515,1000,,
561,USD000UTSTOM,S,100000516806,495,1,63.4,10000,,
562,USD000UTSTOM,S,100000517858,496,1,64.0975,20000,,
563,USD000UTSTOM,S,100000518761,497,1,63.65,3000,,
564,USD000UTSTOM,B,100000519717,498,1,60.8125,10000,,
565,USD000UTSTOM,S,100000521192,499,1,63.7025,3000,,
566,USD000UTSTOM,S,100000521618,500,1,63.2,1000,,
567,USD000UTSTOM,B,100000521618,317,2,63.27,1000,168009402,63.27
568,USD000UTSTOM,S,100000521618,500,2,63.2,1000,168009402,63.27
569,USD000UTSTOM,S,100000523520,501,1,64.7025,3000,,
570,USD000UTSTOM,S,100000523832,502,1,63.5,1000,,
571,USD000UTSTOM,S,100000524462,503,1,63.335,30000,,
572,USD000UTSTOM,B,100000525726,504,1,62.2,1000,,
573,USD000UTSTOM,S,100000525927,505,1,63.5,1000,,
574,USD000UTSTOM,B,100000527667,506,1,60.6025,1000,,
575,USD000UTSTOM,S,100000528308,507,1,65,9000,,
576,USD000UTSTOM,B,100000529649,508,1,62.3125,1000,,
577,USD000UTSTOM,B,100000530609,509,1,61.015,2000,,
578,USD000UTSTOM,S,100000531558,510,1,63.3,1000,,
579,USD000UTSTOM,B,100000532263,511,1,62.9325,51000,,
580,USD000UTSTOM,S,100000532920,512,1,63.8,7000,,
581,USD000UTSTOM,S,100000533470,513,1,65,100000,,
582,USD000UTSTOM,B,100000535274,514,1,61.4,1000,,
583,USD000UTSTOM,B,100000535295,515,1,62.2,1000,,
584,USD000UTSTOM,B,100000537173,516,1,62.4,1000,,
585,USD000UTSTOM,B,100000537587,517,1,61.6375,5000,,
586,USD000UTSTOM,S,100000539133,518,1,63.66,2000,,
587,USD000UTSTOM,S,100000539512,519,1,65,5000,,
588,USD000UTSTOM,S,100000539797,520,1,63.47,4000,,
589,USD000UTSTOM,B,100000540084,521,1,61.27,1000,,
590,USD000UTSTOM,B,100000540227,522,1,62.825,51000,,
591,USD000UTSTOM,S,100000541051,523,1,64.52,2000,,
592,USD000UTSTOM,B,100000542438,524,1,61.5,1000,,
593,USD000UTSTOM,B,100000542980,525,1,62.23,1000,,
594,USD000UTSTOM,B,100000544781,526,1,61.62,1000,,
595,USD000UTSTOM,B,100000544932,527,1,62.3825,5000,,
596,USD000UTSTOM,B,100000547201,528,1,61.7625,1000,,
597,USD000UTSTOM,B,100000547426,529,1,61.5,2000,,
598,USD000UTSTOM,B,100000549134,530,1,60.03,12000,,
599,USD000UTSTOM,B,100000549714,531,1,61.4825,3000,,
600,USD000UTSTOM,B,100000551060,532,1,62.15,2000,,
601,USD000UTSTOM,B,100000551995,533,1,61.15,3000,,
602,USD000UTSTOM,S,100000553218,534,1,63.4875,1000,,
603,USD000UTSTOM,S,100000553659,350,0,64.9475,100000,,
604,USD000UTSTOM,S,100000553659,535,1,64.49,100000,,
605,USD000UTSTOM,B,100000554305,536,1,60.55,4000,,
606,USD000UTSTOM,S,100000555132,537,1,63.45,1000,,
607,USD000UTSTOM,B,100000556642,538,1,60.9025,2000,,
608,USD000UTSTOM,B,100000557055,539,1,62.225,2000,,
609,USD000UTSTOM,B,100000557464,400,0,61.4025,100000,,
610,USD000UTSTOM,B,100000557464,540,1,61.505,100000,,
611,USD000UTSTOM,B,100000557568,541,1,62.735,1000,,
612,USD000UTSTOM,B,100000558944,542,1,62.2525,1000,,
613,USD000UTSTOM,B,100000558975,543,1,60.125,44000,,
614,USD000UTSTOM,S,100000560855,544,1,63.415,3000,,
615,USD000UTSTOM,B,100000561252,545,1,60.5,40000,,
616,USD000UTSTOM,B,100000562764,546,1,62.3,60000,,
617,USD000UTSTOM,B,100000563024,547,1,63.17,51000,,
618,USD000UTSTOM,B,100000563636,548,1,61.7,10000,,
619,USD000UTSTOM,S,100000564593,549,1,63.1,1000,,
620,USD000UTSTOM,B,100000564593,317,2,63.27,1000,168009403,63.27
621,USD000UTSTOM,S,100000564593,549,2,63.1,1000,168009403,63.27
622,USD000UTSTOM,S,100000565986,550,1,65,22000,,
623,USD000UTSTOM,B,100000566846,551,1,61.56,5000,,
624,USD000UTSTOM,B,100000568252,552,1,61.695,1000,,
625,USD000UTSTOM,B,100000568766,553,1,60.76,7000,,
626,USD000UTSTOM,S,100000570584,554,1,63.28,1000,,
627,USD000UTSTOM,B,100000570600,555,1,61.8,30000,,
628,USD000UTSTOM,B,100000570929,556,1,63.28,1000,,
629,USD000UTSTOM,B,100000570929,556,2,63.28,1000,168009404,63.28
630,USD000UTSTOM,S,100000570929,554,2,63.28,1000,168009404,63.28
631,USD000UTSTOM,B,100000570940,557,1,63.28,1000,,
632,USD000UTSTOM,B,100000570940,557,0,63.28,1000,,
633,USD000UTSTOM,S,100000572447,558,1,63.5,35000,,
634,EUR_RUB__TOM,S,100000572560,559,1,76.51,3000000,,
635,EUR_RUB__TOM,S,100000572724,364,0,76.565,3000000,,
636,USD000UTSTOM,B,100000572815,560,1,60.9,80000,,
637,USD000UTSTOM,S,100000574374,561,1,63.8,35000,,
638,USD000UTSTOM,B,100000575134,562,1,60.6,2000,,
639,USD000UTSTOM,S,100000576293,563,1,64.1,40000,,
640,USD000UTSTOM,B,100000577478,564,1,61.4625,1000,,
641,USD000UTSTOM,B,100000578213,565,1,62.8,1000,,
642,USD000UTSTOM,B,100000579809,566,1,61.6975,1000,,
643,USD000UTSTOM,B,100000580130,567,1,62.5,60000,,
644,USD000UTSTOM,S,100000582058,568,1,67.375,1000,,
645,USD000UTSTOM,B,100000582120,569,1,61.55,20000,,
646,USD000UTSTOM,S,100000584003,570,1,67.7475,1000,,
647,USD000UTSTOM,B,100000584237,571,1,61.9975,3000,,
648,USD000UTSTOM,S,100000584699,572,1,64.49,1000,,
649,USD000UTSTOM,S,100000585914,573,1,67.75,1000,,
650,USD000UTSTOM,B,100000586678,574,1,62.0025,2000,,
651,USD000UTSTOM,S,100000587865,575,1,64.45,30000,,
652,USD000UTSTOM,B,100000588917,576,1,62.02,3000,,
653,USD000UTSTOM,S,100000589787,577,1,64,20000,,
654,USD000UTSTOM,B,100000591167,578,1,61.42,15000,,
655,USD000UTSTOM,S,100000591642,579,1,63.68,4000,,
656,EUR_RUB__TOM,B,100000592709,580,1,76.065,1000000,,
657,USD000UTSTOM,B,100000593093,581,1,63.0925,51000,,
658,USD000UTSTOM,S,100000593562,582,1,63.95,4000,,
659,USD000UTSTOM,B,100000593604,583,1,60.92,30000,,
660,USD000UTSTOM,B,100000595472,584,1,61.4675,1000,,
661,USD000UTSTOM,B,100000595917,585,1,61.735,12000,,
662,USD000UTSTOM,B,100000596491,540,0,61.505,100000,,
663,USD000UTSTOM,B,100000596491,586,1,61.7625,100000,,
664,USD000UTSTOM,S,100000597404,587,1,65,9000,,
665,USD000UTSTOM,B,100000598225,588,1,61.5,1000,,
666,EUR_RUB__TOM,S,100000598913,589,1,76.7,1000,,
667,EUR_RUB__TOM,S,100000598913,589,0,76.7,1000,,
668,USD000UTSTOM,S,100000599338,590,1,64.9625,2000,,
669,USD000UTSTOM,B,100000600590,591,1,60.85,1000,,
670,USD000UTSTOM,B,100000601258,592,1,59.525,6000,,
671,USD000UTSTOM,B,100000602929,593,1,61.95,24000,,
672,USD000UTSTOM,S,100000603191,594,1,63.8,1000,,
673,USD000UTSTOM,B,100000605147,595,1,63.0075,2000,,
674,USD000UTSTOM,S,100000605217,596,1,64.47,17000,,
675,USD000UTSTOM,B,100000605228,597,1,60.5025,30000,,
676,USD000UTSTOM,B,100000605271,598,1,61.95,2000,,
677,USD000UTSTOM,B,100000607094,599,1,63.0875,10000,,
678,USD000UTSTOM,B,100000607715,600,1,62,1000,,
679,USD000UTSTOM,S,100000609013,601,1,63.975,10000,,
680,USD000UTSTOM,B,100000610080,602,1,60.9025,1000,,
681,USD000UTSTOM,S,100000611037,603,1,63.55,1000,,
682,USD000UTSTOM,B,100000612315,604,1,62,1000,,
683,USD000UTSTOM,S,100000613034,605,1,63.99,140000,,
684,EUR_RUB__TOM,S,100000613355,493,0,76.1875,200000,,
685,USD000UTSTOM,B,100000614601,606,1,61.9,1000,,
686,USD000UTSTOM,B,100000614926,607,1,62.01,144000,,
687,USD000UTSTOM,S,100000616826,608,1,64.1275,40000,,
688,USD000UTSTOM,B,100000616855,609,1,61.8,1000,,
689,EUR_RUB__TOM,B,100000617931,426,0,76.035,3000000,,
690,USD000UTSTOM,B,100000618141,610,1,0,1000,,
691,USD000UTSTOM,B,100000618141,610,2,0,1000,168009405,63.3
692,USD000UTSTOM,S,100000618141,472,2,63.3,1000,168009405,63.3
693,USD000UTSTOM,S,100000618739,611,1,63.8,20000,,
694,USD000UTSTOM,B,100000619213,612,1,61.7,1000,,
695,USD000UTSTOM,S,100000620672,613,1,64.15,2000,,
696,USD000UTSTOM,B,100000621574,614,1,62.05,1000,,
697,USD000UTSTOM,B,100000624166,615,1,61.95,1000,,
698,USD000UTSTOM,B,100000626927,616,1,61.85,1000,,
699,USD000UTSTOM,B,100000629273,617,1,61.75,1000,,
700,USD000UTSTOM,B,100000631632,618,1,60.8,10000,,
701,USD000UTSTOM,B,100000633979,619,1,59.1,10000,,
702,USD000UTSTOM,B,100000636373,620,1,62.08,10000,,
703,USD000UTSTOM,S,100000636475,621,1,63.3225,26000,,
704,USD000UTSTOM,B,100000637121,622,1,61.7025,553000,,
705,USD000UTSTOM,B,100000638802,623,1,62.0825,10000,,
706,USD000UTSTOM,S,100000639410,624,1,63.33,28000,,
707,USD000UTSTOM,B,100000641008,625,1,58.8,22000,,
708,USD000UTSTOM,B,100000643330,626,1,61.255,4000,,
709,USD000UTSTOM,B,100000645694,627,1,61.8,1000,,
710,USD000UTSTOM,B,100000648032,628,1,60.79,120000,,
711,USD000UTSTOM,B,100000650401,629,1,59,18000,,
712,EUR_RUB__TOM,S,100000652380,630,1,76.205,3000000,,
713,EUR_RUB__TOM,S,100000652538,440,0,76.22,3000000,,
714,USD000UTSTOM,B,100000652762,631,1,62.02,49000,,
715,USD000UTSTOM,B,100000655466,632,1,62.1175,5000,,
716,USD000UTSTOM,S,100000657969,633,1,65.05,20000,,
717,USD000UTSTOM,S,100000658852,634,1,63.3225,10000,,
718,USD000UTSTOM,B,100000660289,635,1,60.1,1000,,
719,USD000UTSTOM,B,100000662656,636,1,62.1,1000,,
720,USD000UTSTOM,B,100000665064,637,1,62.15,1000,,
721,USD000UTSTOM,B,100000667981,638,1,61.8125,1000,,
722,EUR_RUB__TOM,B,100000669583,639,1,76.015,3000000,,
723,EUR_RUB__TOM,B,100000669928,479,0,75.905,3000000,,
724,USD000UTSTOM,B,100000670710,640,1,62.2,1000,,
725,USD000UTSTOM,B,100000673017,641,1,61.665,10000,,
726,USD000UTSTOM,S,100000675358,642,1,63.49,8000,,
727,USD000UTSTOM,B,100000677723,643,1,62.205,1000,,
728,USD000UTSTOM,B,100000678230,586,0,61.7625,100000,,
729,USD000UTSTOM,B,100000678230,644,1,62.0225,100000,,
730,USD000UTSTOM,B,100000680015,645,1,61.82,6000,,
731,USD000UTSTOM,B,100000682182,646,1,62.5525,2000,,
732,USD000UTSTOM,S,100000684243,647,1,63.69,5000,,
733,USD000UTSTOM,B,100000686400,648,1,61.9,1000,,
734,USD000UTSTOM,S,100000688523,649,1,63.28,3000,,
735,USD000UTSTOM,S,100000689086,535,0,64.49,100000,,
736,USD000UTSTOM,S,100000689086,650,1,64.095,100000,,
737,USD000UTSTOM,B,100000690680,651,1,61.4,1000,,
738,USD000UTSTOM,S,100000692820,652,1,63.38,3000,,
739,USD000UTSTOM,S,100000694986,653,1,63.48,3000,,
740,USD000UTSTOM,B,100000697109,654,1,62.25,1000,,
741,USD000UTSTOM,S,100000697366,655,1,63.35,100000,,
742,USD000UTSTOM,B,100000699403,656,1,62.3,1000,,
743,USD000UTSTOM,B,100000701662,657,1,62.35,1000,,
744,USD000UTSTOM,B,100000704005,658,1,62.4,1000,,
745,USD000UTSTOM,S,100000706256,659,1,63.2,1000,,
746,USD000UTSTOM,B,100000706256,317,2,63.27,1000,168009406,63.27
747,USD000UTSTOM,S,100000706256,659,2,63.2,1000,168009406,63.27
748,USD000UTSTOM,B,100000706333,660,1,62.45,1000,,
749,USD000UTSTOM,B,100000708922,661,1,62.5,1000,,
750,USD000UTSTOM,B,100000711268,662,1,62.18,5000,,
751,USD000UTSTOM,B,100000713577,663,1,60,10000,,
752,USD000UTSTOM,B,100000715943,664,1,58.6225,1000,,
753,USD000UTSTOM,B,100000717346,665,1,62.7,60000,,
754,EUR_RUB__TOM,B,100000718449,666,1,75.8575,1000,,
755,USD000UTSTOM,B,100000718501,667,1,62.2,1000,,
756,USD000UTSTOM,B,100000720150,668,1,62.2025,38000,,
757,USD000UTSTOM,B,100000720862,669,1,61.7875,1000,,
758,EUR_RUB__TOM,B,100000720959,670,1,75.865,3000000,,
759,USD000UTSTOM,B,100000722746,671,1,60.6025,297000,,
760,USD000UTSTOM,B,100000723194,672,1,62.45,1000,,
761,USD000UTSTOM,B,100000723743,673,1,63.28,3000,,
762,USD000UTSTOM,B,100000723743,673,2,63.28,3000,168009407,63.28
763,USD000UTSTOM,S,100000723743,649,2,63.28,3000,168009407,63.28
764,USD000UTSTOM,B,100000723759,674,1,63.28,3000,,
765,USD000UTSTOM,B,100000723759,674,0,63.28,3000,,
766,EUR_RUB__TOM,B,100000725311,675,1,75.06,500000,,
767,USD000UTSTOM,B,100000725548,676,1,62.7975,1000,,
768,USD000UTSTOM,B,100000727777,677,1,62.0325,100000,,
769,USD000UTSTOM,B,100000727973,678,1,62.6025,1000,,
770,USD000UTSTOM,B,100000728318,644,0,62.0225,100000,,
771,USD000UTSTOM,B,100000728318,679,1,62.035,100000,,
772,USD000UTSTOM,S,100000730210,680,1,63.46,5000,,
773,USD000UTSTOM,S,100000732511,681,1,63.7,5000,,
774,EUR_RUB__TOM,S,100000732796,682,1,76.94,500000,,
775,USD000UTSTOM,S,100000733059,683,1,64.185,100000,,
776,USD000UTSTOM,S,100000734694,684,1,64.9775,1000,,
777,USD000UTSTOM,B,100000735245,685,1,61.56,500000,,
778,USD000UTSTOM,S,100000736206,686,1,64.4825,24000,,
779,USD000UTSTOM,S,100000736983,687,1,65,1000,,
780,USD000UTSTOM,S,100000738385,688,1,64.47,500000,,
781,USD000UTSTOM,S,100000739291,689,1,66,1000,,
782,USD000UTSTOM,S,100000741608,690,1,66.9975,1000,,
783,CNYRUB_TOM,S,100000742405,691,1,10.47,500000,,
784,USD000UTSTOM,B,100000744103,692,1,62.5,1000,,
785,CNYRUB_TOM,B,100000745678,693,1,9.56,500000,,
786,USD000UTSTOM,S,100000746397,694,1,64,1000,,
787,USD000UTSTOM,B,100000748627,695,1,62.305,3000,,
788,EUR_RUB__TOM,S,100000748802,696,1,76.465,3000000,,
789,EUR_RUB__TOM,S,100000748933,559,0,76.51,3000000,,
790,GBPRUB_TOM,B,100000749349,697,1,82.1,55000,,
791,USD000UTSTOM,S,100000750844,698,1,64.35,30000,,
792,GBPRUB_TOM,S,100000752493,699,1,91.4,50000,,
793,EUR_RUB__TOM,S,100000752560,700,1,76.155,1000000,,
794,CNYRUB_TOM,S,100000752598,701,1,9.974,500000,,
795,EUR_RUB__TOM,S,100000752655,491,0,76.19,1000000,,
796,CNYRUB_TOM,S,100000752917,702,1,9.9721,3000000,,
797,USD000UTSTOM,B,100000753059,703,1,62.82,3000,,
798,USD000UTSTOM,B,100000755387,704,1,62.5,1000,,
799,USD000UTSTOM,S,100000757634,705,1,63.15,1000,,
800,USD000UTSTOM,B,100000757634,317,2,63.27,1000,168009408,63.27
801,USD000UTSTOM,S,100000757634,705,2,63.15,1000,168009408,63.27
802,USD000UTSTOM,B,100000760106,706,1,62.22,6000,,
803,USD000UTSTOM,S,100000762369,707,1,63.5,1000,,
804,USD000UTSTOM,B,100000764681,708,1,62.67,125000,,
805,USD000UTSTOM,B,100000765843,709,1,61.31,2000,,
806,USD000UTSTOM,S,100000766900,710,1,63.9,1000,,
807,USD000UTSTOM,S,100000767124,711,1,63.335,5000,,
808,USD000UTSTOM,B,100000769189,712,1,62.8475,1000,,
809,USD000UTSTOM,S,100000769923,713,1,63.335,30000,,
810,USD000UTSTOM,B,100000771549,714,1,60.8,50000,,
811,USD000UTSTOM,B,100000773856,715,1,58.9,20000,,
812,USD000UTSTOM,S,100000773948,716,1,63.32,1000,,
813,USD000UTSTOM,B,100000776060,717,1,61.2,40000,,
814,USD000UTSTOM,B,100000778224,718,1,61.7175,1000,,
815,USD000UTSTOM,S,100000778686,719,1,63.3975,10000,,
816,USD000UTSTOM,B,100000780515,720,1,61.73,20000,,
817,USD000UTSTOM,S,100000782907,721,1,64.9225,1000,,
818,USD000UTSTOM,B,100000785403,722,1,62,1000,,
819,USD000UTSTOM,S,100000787644,723,1,65.1,50000,,
820,USD000UTSTOM,S,100000789996,724,1,66,50000,,
821,USD000UTSTOM,B,100000792219,725,1,62.24,50000,,
822,USD000UTSTOM,B,100000794496,726,1,62.55,1000,,
823,USD000UTSTOM,B,100000796856,727,1,62.6,1000,,
824,USD000UTSTOM,B,100000799106,728,1,62.65,1000,,
825,USD000UTSTOM,B,100000799597,679,0,62.035,100000,,
826,USD000UTSTOM,B,100000799597,729,1,62.205,100000,,
827,USD000UTSTOM,B,100000801377,730,1,61.995,2000,,
828,USD000UTSTOM,B,100000803651,731,1,62.7,1000,,
829,USD000UTSTOM,S,100000806024,732,1,63.9425,25000,,
830,USD000UTSTOM,B,100000808194,733,1,62.34,1000,,
831,USD000UTSTOM,B,100000810412,734,1,62.2,2000,,
832,USD000UTSTOM,S,100000812796,735,1,63.6,2000,,
833,EUR_RUB__TOM,S,100000812884,630,0,76.205,3000000,,
834,USD000UTSTOM,S,100000814704,736,1,64.285,2000,,
835,USD000UTSTOM,B,100000815026,737,1,62.98,8000,,
836,USD000UTSTOM,S,100000817218,738,1,67.55,20000,,
837,USD000UTSTOM,S,100000819482,739,1,63.5425,3000,,
838,USD000UTSTOM,S,100000819998,650,0,64.095,100000,,
839,USD000UTSTOM,S,100000819998,740,1,63.9875,100000,,
840,USD000UTSTOM,S,100000821745,741,1,64.35,1000,,
841,USD000UTSTOM,S,100000823999,742,1,63.8025,5000,,
842,USD000UTSTOM,B,100000826361,743,1,62.8,50000,,
843,USD000UTSTOM,S,100000828710,744,1,65.7,59000,,
844,GBPRUB_TOM,S,100000829250,745,1,87.9975,1000,,
845,USD000UTSTOM,S,100000830995,746,1,64.0025,10000,,
846,USD000UTSTOM,B,100000833208,747,1,62.6,30000,,
847,USD000UTSTOM,B,100000835410,748,1,62.4,50000,,
848,USD000UTSTOM,B,100000837553,749,1,62.98,48000,,
849,USD000UTSTOM,B,100000839786,750,1,61,50000,,
850,USD000UTSTOM,B,100000841943,751,1,63.325,4000,,
851,USD000UTSTOM,B,100000841943,751,2,63.325,4000,168009409,63.3
852,USD000UTSTOM,S,100000841943,488,2,63.3,4000,168009409,63.3
853,USD000UTSTOM,S,100000844352,752,1,63.94,15000,,
854,USD000UTSTOM,B,100000862077,753,1,62.8,500000,,
855,CHFRUB_TOM,B,100000862698,754,1,63.0925,500000,,
856,EUR_RUB__TOM,S,100000863526,755,1,76.2,3000000,,
857,USD000UTSTOM,B,100000873872,756,1,63.2725,38000,,
858,USD000UTSTOM,B,100000882606,757,1,60.85,8000,,
859,USD000UTSTOM,S,100000901439,758,1,63.345,50000,,
860,USD000UTSTOM,S,100000928506,759,1,62.9975,3000,,
861,USD000UTSTOM,B,100000928506,756,2,63.2725,3000,168009410,63.2725
862,USD000UTSTOM,S,100000928506,759,2,62.9975,3000,168009410,63.2725
863,CNYRUB_TOM,S,100000947737,760,1,9.9672,3000000,,
864,CNYRUB_TOM,S,100000948063,702,0,9.9721,3000000,,
865,EUR_RUB__TOM,S,100000952629,761,1,76.425,3000000,,
866,EUR_RUB__TOM,S,100000952806,696,0,76.465,3000000,,
867,USD000UTSTOM,S,100000986909,762,1,63.25,5000,,
868,USD000UTSTOM,B,100000986909,756,2,63.2725,5000,168009411,63.2725
869,USD000UTSTOM,S,100000986909,762,2,63.25,5000,168009411,63.2725
870,USD000UTSTOM,S,100000988774,763,1,63.18,1000,,
871,USD000UTSTOM,B,100000988774,756,2,63.2725,1000,168009412,63.2725
872,USD000UTSTOM,S,100000988774,763,2,63.18,1000,168009412,63.2725
873,USD000UTSTOM,B,100000990630,764,1,63.22,5000,,
874,USD000UTSTOM,B,100000991103,729,0,62.205,100000,,
875,USD000UTSTOM,B,100000991103,765,1,62.2425,100000,,
876,USD000UTSTOM,B,100000992087,766,1,0,29000,,
877,USD000UTSTOM,B,100000992087,766,2,0,1000,168009413,63.3
878,USD000UTSTOM,S,100000992087,510,2,63.3,1000,168009413,63.3
879,USD000UTSTOM,B,100000992087,766,2,0,1000,168009414,63.32
880,USD000UTSTOM,S,100000992087,716,2,63.32,1000,168009414,63.32
881,USD000UTSTOM,B,100000992087,766,2,0,26000,168009415,63.3225
882,USD000UTSTOM,S,100000992087,621,2,63.3225,26000,168009415,63.3225
883,USD000UTSTOM,B,100000992087,766,2,0,1000,168009416,63.3225
884,USD000UTSTOM,S,100000992087,634,2,63.3225,1000,168009416,63.3225
885,USD000UTSTOM,B,100000992661,767,1,63.335,100000,,
886,USD000UTSTOM,B,100000992661,767,2,63.335,9000,168009417,63.3225
887,USD000UTSTOM,S,100000992661,634,2,63.3225,9000,168009417,63.3225
888,USD000UTSTOM,B,100000992661,767,2,63.335,91000,168009418,63.33
889,USD000UTSTOM,S,100000992661,289,2,63.33,91000,168009418,63.33
890,USD000UTSTOM,B,100000992703,768,1,63.325,100000,,
891,EUR_RUB__TOM,S,100000992887,761,0,76.425,3000000,,
892,CNYRUB_TOM,S,100000993672,760,0,9.9672,3000000,,
893,EUR_RUB__TOM,S,100000993759,700,0,76.155,1000000,,
894,EUR_RUB__TOM,B,100000993883,769,1,75.8675,50000,,
895,EUR_RUB__TOM,S,100000993952,755,0,76.2,3000000,,
896,USD000UTSTOM,B,100000994398,770,1,0,2000,,
897,USD000UTSTOM,B,100000994398,770,2,0,2000,168009419,63.33
898,USD000UTSTOM,S,100000994398,289,2,63.33,2000,168009419,63.33
899,USD000UTSTOM,B,100000996193,771,1,0,38000,,
900,USD000UTSTOM,B,100000996193,771,2,0,38000,168009420,63.33
901,USD000UTSTOM,S,100000996193,289,2,63.33,38000,168009420,63.33
902,USD000UTSTOM,B,100000997925,772,1,63.2,50000,,
903,USD000UTSTOM,B,100000999376,773,1,63.1,50000,,
904,USD000UTSTOM,B,100001000837,774,1,63,50000,,
905,USD000UTSTOM,B,100001007610,756,0,63.2725,29000,,
906,EUR_RUB__TOM,B,100001008020,769,0,75.8675,50000,,
907,EUR_RUB__TOM,B,100001008682,775,1,74,2000,,
908,USD000UTSTOM,B,100001010980,776,1,60.32,17000,,
909,USD000UTSTOM,B,100001018232,777,1,63.335,29000,,
910,USD000UTSTOM,B,100001018232,777,2,63.335,29000,168009421,63.33
911,USD000UTSTOM,S,100001018232,289,2,63.33,29000,168009421,63.33
912,USD000UTSTOM,S,100001028649,778,1,63.325,100000,,
913,USD000UTSTOM,B,100001028649,768,2,63.325,100000,168009422,63.325
914,USD000UTSTOM,S,100001028649,778,2,63.325,100000,168009422,63.325
915,USD000UTSTOM,S,100001028658,779,1,63.325,13000,,
916,USD000UTSTOM,S,100001028658,779,0,63.325,13000,,
917,USD000UTSTOM,S,100001029426,780,1,63.325,100000,,
918,USD000UTSTOM,S,100001029426,780,0,63.325,100000,,
919,USD000UTSTOM,S,100001029789,781,1,63.325,40000,,
920,USD000UTSTOM,S,100001029789,781,0,63.325,40000,,
921,USD000UTSTOM,B,100001041113,782,1,63.26,10000,,
922,EUR_RUB__TOM,S,100001044545,783,1,76.205,3000000,,
923,USD000UTSTOM,B,100001053914,784,1,63.2725,100000,,
924,USD000UTSTOM,B,100001059538,460,0,63.19,45000,,
925,EUR_RUB__TOM,S,100001095164,785,1,76.455,3000000,,
926,EUR_RUB__TOM,B,100001100905,786,1,75.575,1000,,
927,EUR_RUB__TOM,B,100001100905,786,0,75.575,1000,,
928,CNYRUB_TOM,S,100001144707,787,1,9.9719,3000000,,
929,USD000UTSTOM,S,100001152032,788,1,63.29,1000,,
930,USD000UTSTOM,B,100001152852,784,0,63.2725,100000,,
931,USD000UTSTOM,B,100001152852,789,1,63.305,100000,,
932,USD000UTSTOM,B,100001152852,789,2,63.305,1000,168009423,63.29
933,USD000UTSTOM,S,100001152852,788,2,63.29,1000,168009423,63.29
934,USD000UTSTOM,B,100001162476,790,1,62.68,3000,,
935,EUR_RUB__TOM,B,100001168010,791,1,75.575,1000,,
936,EUR_RUB__TOM,B,100001168010,791,0,75.575,1000,,
937,USD000UTSTOM,B,100001171049,792,1,63.25,1000,,
938,EUR_RUB__TOM,S,100001212899,793,1,76.45,3000000,,
939,EUR_RUB__TOM,S,100001212921,785,0,76.455,3000000,,
940,USD000UTSTOM,S,100001240516,794,1,63.5,10000,,
941,USD000UTSTOM,S,100001242760,795,1,64,10000,,
942,USD000UTSTOM,S,100001250259,796,1,63.5,100000,,
943,EUR_RUB__TOM,S,100001301384,797,1,76.44,3000000,,
944,EUR_RUB__TOM,S,100001301518,793,0,76.45,3000000,,
945,EUR_RUB__TOM,B,100001310449,798,1,75.57,3000000,,
946,EUR_RUB__TOM,S,100001317849,783,0,76.205,3000000,,
947,USD000UTSTOM,B,100001323323,799,1,63.2725,63000,,
948,EUR_RUB__TOM,B,100001323760,800,1,75.8675,50000,,
949,USD000UTSTOM,S,100001357500,801,1,63.25,350000,,
950,USD000UTSTOM,B,100001357500,789,2,63.305,99000,168009424,63.305
951,USD000UTSTOM,S,100001357500,801,2,63.25,99000,168009424,63.305
952,USD000UTSTOM,B,100001357500,799,2,63.2725,63000,168009425,63.2725
953,USD000UTSTOM,S,100001357500,801,2,63.25,63000,168009425,63.2725
954,USD000UTSTOM,B,100001357500,317,2,63.27,80000,168009426,63.27
955,USD000UTSTOM,S,100001357500,801,2,63.25,80000,168009426,63.27
956,USD000UTSTOM,B,100001357500,782,2,63.26,10000,168009427,63.26
957,USD000UTSTOM,S,100001357500,801,2,63.25,10000,168009427,63.26
958,USD000UTSTOM,B,100001357500,792,2,63.25,1000,168009428,63.25
959,USD000UTSTOM,S,100001357500,801,2,63.25,1000,168009428,63.25
960,EUR_RUB__TOM,B,100001359271,580,0,76.065,1000000,,
961,EUR_RUB__TOM,B,100001359301,639,0,76.015,3000000,,
962,EUR_RUB__TOM,B,100001359393,800,0,75.8675,50000,,
963,EUR_RUB__TOM,B,100001359545,798,0,75.57,3000000,,
964,USD000UTSTOM,B,100001360287,802,1,63.275,97000,,
965,USD000UTSTOM,B,100001360287,802,2,63.275,97000,168009429,63.25
966,USD000UTSTOM,S,100001360287,801,2,63.25,97000,168009429,63.25
967,USD000UTSTOM,S,100001360945,803,1,63.3275,200000,,
968,USD000UTSTOM,S,100001361128,740,0,63.9875,100000,,
969,USD000UTSTOM,S,100001361128,804,1,63.3275,100000,,
970,EUR_RUB__TOM,S,100001361363,805,1,76.4375,50000,,
971,USD000UTSTOM,B,100001361422,806,1,63.2125,100000,,
972,USD000UTSTOM,B,100001361517,807,1,61.4,50000,,
973,USD000UTSTOM,B,100001378368,808,1,62.7075,20000,,
974,EUR_RUB__TOM,S,100001393343,809,1,76.205,3000000,,
975,EUR_RUB__TOM,S,100001393778,805,0,76.4375,50000,,
976,EUR_RUB__TOM,S,100001393778,810,1,76.2025,50000,,
977,USD000UTSTOM,S,100001408154,811,1,0,10000,,
978,USD000UTSTOM,B,100001408154,764,2,63.22,5000,168009430,63.22
979,USD000UTSTOM,S,100001408154,811,2,0,5000,168009430,63.22
980,USD000UTSTOM,B,100001408154,806,2,63.2125,5000,168009431,63.2125
981,USD000UTSTOM,S,100001408154,811,2,0,5000,168009431,63.2125
982,CNYRUB_TOM,B,100001412706,54,0,9.952,500000,,
983,CNYRUB_TOM,B,100001412964,57,0,9.9546,3000000,,
984,USD000UTSTOM,B,100001420064,812,1,63.005,2000,,
985,EUR_RUB__TOM,S,100001462897,809,0,76.205,3000000,,
986,USD000UTSTOM,B,100001477106,813,1,63.3,233000,,
987,USD000UTSTOM,S,100001477483,803,0,63.3275,200000,,
988,USD000UTSTOM,S,100001477650,814,1,63.9875,100000,,
989,USD000UTSTOM,S,100001477650,804,0,63.3275,100000,,
990,CHFRUB_TOM,B,100001477659,815,1,63.275,500000,,
991,CHFRUB_TOM,B,100001477659,754,0,63.0925,500000,,
992,EUR_RUB__TOM,S,100001477865,810,0,76.2025,50000,,
993,CHFRUB_TOM,B,100001478285,816,1,63.0925,500000,,
994,CHFRUB_TOM,B,100001478285,815,0,63.275,500000,,
995,USD000UTSTOM,S,100001504492,225,0,63.41,100000,,
996,EUR_RUB__TOM,B,100001510503,817,1,76,3000000,,
997,EUR_RUB__TOM,B,100001510519,670,0,75.865,3000000,,
998,USD000UTSTOM,B,100001515929,806,0,63.2125,95000,,
999,USD000UTSTOM,B,100001516669,818,1,63.3025,100000,,
1000,USD000UTSTOM,B,100001528294,818,0,63.3025,100000,,
1001,USD000UTSTOM,B,100001528903,819,1,63.305,96000,,
1002,USD000UTSTOM,B,100001529652,820,1,63.2125,100000,,
1003,EUR_RUB__TOM,S,100001543835,821,1,76.205,3000000,,
1004,EUR_RUB__TOM,B,100001561564,822,1,75.82,3000000,,
1005,USD000UTSTOM,S,100001562901,823,1,63.1625,1000,,
1006,USD000UTSTOM,B,100001562901,819,2,63.305,1000,168009432,63.305
1007,USD000UTSTOM,S,100001562901,823,2,63.1625,1000,168009432,63.305
1008,EUR_RUB__TOM,B,100001565459,824,1,75.5,1000,,
1009,EUR_RUB__TOM,B,100001565459,824,0,75.5,1000,,
1010,EUR_RUB__TOM,B,100001618006,825,1,76.015,3000000,,
1011,EUR_RUB__TOM,B,100001618028,817,0,76,3000000,,
1012,EUR_RUB__TOM,S,100001632785,826,1,76.145,1000000,,
1013,USD000UTSTOM,B,100001656553,827,1,62.965,100000,,
1014,CHFRUB_TOM,B,100001657014,816,0,63.0925,500000,,
1015,CHFRUB_TOM,B,100001657014,828,1,63.395,500000,,
1016,EUR_RUB__TOM,B,100001668624,829,1,75.865,3000000,,
1017,EUR_RUB__TOM,B,100001668668,822,0,75.82,3000000,,
1018,USD000UTSTOM,B,100001670200,830,1,62.98,100000,,
1019,EUR_RUB__TOM,B,100001676121,831,1,70.3,50000,,
1020,EUR_RUB__TOM,B,100001677475,832,1,70.4,1000,,
1021,USD000UTSTOM,B,100001678725,833,1,62.51,40000,,
1022,EUR_RUB__TOM,B,100001679622,834,1,72.5,10000,,
1023,EUR_RUB__TOM,B,100001681795,835,1,72.805,2000,,
1024,EUR_RUB__TOM,B,100001682752,836,1,74,1000,,
1025,EUR_RUB__TOM,B,100001683931,837,1,73.05,2000,,
1026,EUR_RUB__TOM,B,100001685546,838,1,74.23,3000,,
1027,EUR_RUB__TOM,B,100001685950,839,1,72.91,2000,,
1028,EUR_RUB__TOM,S,100001687301,840,1,79.77,1000,,
1029,EUR_RUB__TOM,B,100001688050,841,1,71.9,1000,,
1030,EUR_RUB__TOM,S,100001689936,842,1,78.88,20000,,
1031,EUR_RUB__TOM,B,100001690090,843,1,74.25,2000,,
1032,USD000UTSTOM,B,100001690377,844,1,63,100000,,
1033,USD000UTSTOM,S,100001691177,845,1,65,19000,,
1034,EUR_RUB__TOM,B,100001692147,846,1,70.65,1000,,
1035,EUR_RUB__TOM,S,100001692848,847,1,80,1000,,
1036,USD000UTSTOM,S,100001693821,848,1,63.7775,5000,,
1037,EUR_RUB__TOM,B,100001694140,849,1,71.01,26000,,
1038,EUR_RUB__TOM,B,100001694637,850,1,73.75,10000,,
1039,USD000UTSTOM,S,100001695034,851,1,64.5,10000,,
1040,EUR_RUB__TOM,B,100001695342,825,0,76.015,3000000,,
1041,USD000UTSTOM,S,100001695730,852,1,63.805,5000,,
1042,EUR_RUB__TOM,S,100001696017,853,1,81,1000,,
1043,EUR_RUB__TOM,B,100001696395,854,1,73.775,2000,,
1044,EUR_RUB__TOM,S,100001697914,855,1,81,1000,,
1045,EUR_RUB__TOM,B,100001698078,856,1,73.665,7000,,
1046,USD000UTSTOM,S,100001698412,857,1,64.09,1000,,
1047,EUR_RUB__TOM,B,100001699761,858,1,73.6625,3000,,
1048,EUR_RUB__TOM,S,100001700045,859,1,80,1000,,
1049,EUR_RUB__TOM,B,100001701534,860,1,73.66,47000,,
1050,EUR_RUB__TOM,S,100001702131,861,1,80.1,1000,,
1051,USD000UTSTOM,B,100001703162,862,1,62.8925,20000,,
1052,EUR_RUB__TOM,S,100001703254,863,1,80.78,1000,,
1053,EUR_RUB__TOM,B,100001704220,864,1,73.27,1000,,
1054,EUR_RUB__TOM,B,100001705071,865,1,71.2,2000,,
1055,USD000UTSTOM,S,100001705684,866,1,63.83,100000,,
1056,EUR_RUB__TOM,B,100001706258,867,1,72.77,1000,,
1057,EUR_RUB__TOM,B,100001706842,868,1,74.545,1000,,
1058,EUR_RUB__TOM,B,100001708466,869,1,71.0375,1000,,
1059,EUR_RUB__TOM,S,100001708704,870,1,80,2000,,
1060,EUR_RUB__TOM,S,100001710520,871,1,78.25,1000,,
1061,EUR_RUB__TOM,S,100001710715,872,1,80.3,1000,,
1062,EUR_RUB__TOM,B,100001712282,873,1,72,1000,,
1063,USD000UTSTOM,B,100001712947,874,1,62.57,100000,,
1064,EUR_RUB__TOM,B,100001713002,875,1,72.74,11000,,
1065,EUR_RUB__TOM,B,100001714433,876,1,71,4000,,
1066,EUR_RUB__TOM,S,100001715067,877,1,77.99,1000,,
1067,USD000UTSTOM,S,100001716115,878,1,63.8,16000,,
1068,EUR_RUB__TOM,S,100001716246,879,1,77.81,8000,,
1069,EUR_RUB__TOM,S,100001717719,880,1,79.5075,78000,,
1070,EUR_RUB__TOM,S,100001718028,881,1,76.99,1000,,
1071,EUR_RUB__TOM,S,100001719794,882,1,77.99,1000,,
1072,EUR_RUB__TOM,S,100001719827,883,1,78.5,1000,,
1073,EUR_RUB__TOM,S,100001721582,884,1,77.5,1000,,
1074,EUR_RUB__TOM,B,100001721958,885,1,72,1000,,
1075,EUR_RUB__TOM,B,100001723464,886,1,74.55,7000,,
1076,EUR_RUB__TOM,B,100001724073,887,1,74.56,4000,,
1077,EUR_RUB__TOM,B,100001725198,888,1,74.25,8000,,
1078,EUR_RUB__TOM,B,100001726153,889,1,73.8,7000,,
1079,EUR_RUB__TOM,B,100001727049,890,1,74.5,10000,,
1080,EUR_RUB__TOM,S,100001728262,891,1,80,30000,,
1081,EUR_RUB__TOM,S,100001728832,892,1,80,30000,,
1082,EUR_RUB__TOM,B,100001730457,893,1,72,1000,,
1083,EUR_RUB__TOM,B,100001730628,894,1,74.5,1000,,
1084,EUR_RUB__TOM,B,100001730832,895,1,76.065,1000000,,
1085,USD000UTSTOM,B,100001730873,896,1,63.325,100000,,
1086,USD000UTSTOM,B,100001730908,897,1,63.335,100000,,
1087,USD000UTSTOM,B,100001730908,897,2,63.335,100000,168009433,63.33
1088,USD000UTSTOM,S,100001730908,289,2,63.33,100000,168009433,63.33
1089,EUR_RUB__TOM,S,100001731028,826,0,76.145,1000000,,
1090,EUR_RUB__TOM,S,100001731184,797,0,76.44,3000000,,
1091,USD000UTSTOM,B,100001731309,898,1,63.33,281000,,
1092,USD000UTSTOM,B,100001731309,898,2,63.33,153000,168009434,63.33
1093,USD000UTSTOM,S,100001731309,289,2,63.33,153000,168009434,63.33
1094,USD000UTSTOM,B,100001731309,898,2,63.33,28000,168009435,63.33
1095,USD000UTSTOM,S,100001731309,624,2,63.33,28000,168009435,63.33
1096,USD000UTSTOM,B,100001731309,898,0,63.33,100000,,
1097,CNYRUB_TOM,B,100001731588,899,1,9.952,500000,,
1098,USD000UTSTOM,B,100001731686,900,1,63.33,181000,,
1099,USD000UTSTOM,B,100001731686,900,0,63.33,181000,,
1100,USD000UTSTOM,B,100001731707,819,0,63.305,95000,,
1101,EUR_RUB__TOM,B,100001732322,901,1,74,1000,,
1102,USD000UTSTOM,B,100001732408,902,1,63.33,181000,,
1103,USD000UTSTOM,B,100001732408,902,0,63.33,181000,,
1104,CNYRUB_TOM,B,100001732463,903,1,9.9546,3000000,,
1105,EUR_RUB__TOM,S,100001732489,904,1,79.93,1000,,
1106,USD000UTSTOM,B,100001732571,905,1,63.335,75000,,
1107,USD000UTSTOM,B,100001732571,905,2,63.335,5000,168009436,63.335
1108,USD000UTSTOM,S,100001732571,308,2,63.335,5000,168009436,63.335
1109,USD000UTSTOM,B,100001732571,905,2,63.335,5000,168009437,63.335
1110,USD000UTSTOM,S,100001732571,353,2,63.335,5000,168009437,63.335
1111,USD000UTSTOM,B,100001732571,905,2,63.335,30000,168009438,63.335
1112,USD000UTSTOM,S,100001732571,503,2,63.335,30000,168009438,63.335
1113,USD000UTSTOM,B,100001732571,905,2,63.335,5000,168009439,63.335
1114,USD000UTSTOM,S,100001732571,711,2,63.335,5000,168009439,63.335
1115,USD000UTSTOM,B,100001732571,905,2,63.335,30000,168009440,63.335
1116,USD000UTSTOM,S,100001732571,713,2,63.335,30000,168009440,63.335
1117,EUR_RUB__TOM,S,100001732816,821,0,76.205,3000000,,
1118,USD000UTSTOM,B,100001732847,906,1,63.335,75000,,
1119,USD000UTSTOM,B,100001732847,906,0,63.335,75000,,
1120,CNYRUB_TOM,S,100001732862,787,0,9.9719,3000000,,
1121,USD000UTSTOM,B,100001733464,907,1,63.335,95000,,
1122,EUR_RUB__TOM,B,100001734246,908,1,74.51,1000,,
1123,USD000UTSTOM,B,100001734538,909,1,63.335,50000,,
1124,USD000UTSTOM,B,100001734538,909,0,63.335,50000,,
1125,CNYRUB_TOM,S,100001734580,701,0,9.974,500000,,
1126,EUR_RUB__TOM,S,100001734717,910,1,78.92,1000,,
1127,USD000UTSTOM,B,100001736094,907,0,63.335,95000,,
1128,USD000UTSTOM,B,100001736094,911,1,63.35,95000,,
1129,USD000UTSTOM,B,100001736094,911,2,63.35,50000,168009441,63.345
1130,USD000UTSTOM,S,100001736094,758,2,63.345,50000,168009441,63.345
1131,USD000UTSTOM,B,100001736094,911,2,63.35,45000,168009442,63.35
1132,USD000UTSTOM,S,100001736094,655,2,63.35,45000,168009442,63.35
1133,EUR_RUB__TOM,B,100001736357,912,1,74.1,200000,,
1134,EUR_RUB__TOM,S,100001736911,913,1,77.49,1000,,
1135,EUR_RUB__TOM,B,100001738648,914,1,74.555,3000,,
1136,EUR_RUB__TOM,B,100001739031,915,1,73,1000,,
1137,EUR_RUB__TOM,S,100001740463,916,1,79.9775,1000,,
1138,EUR_RUB__TOM,B,100001741367,917,1,74.6,1000,,
1139,EUR_RUB__TOM,B,100001742300,918,1,73.0625,2000,,
1140,EUR_RUB__TOM,S,100001743450,919,1,77.1,100000,,
1141,EUR_RUB__TOM,B,100001744573,920,1,74.7,1000,,
1142,EUR_RUB__TOM,B,100001745453,921,1,74,1000,,
1143,EUR_RUB__TOM,B,100001746342,922,1,74.6,1000,,
1144,EUR_RUB__TOM,S,100001747467,923,1,77,1000,,
1145,EUR_RUB__TOM,B,100001748172,924,1,74.5,2000,,
1146,EUR_RUB__TOM,S,100001749799,925,1,78.0825,90000,,
1147,EUR_RUB__TOM,B,100001749997,926,1,73.5,1000,,
1148,EUR_RUB__TOM,B,100001751787,927,1,74.6,1000,,
1149,EUR_RUB__TOM,S,100001751817,928,1,77.2625,10000,,
1150,EUR_RUB__TOM,B,100001753638,929,1,74.7,1000,,
1151,USD000UTSTOM,S,100001753747,930,1,63.335,1000,,
1152,EUR_RUB__TOM,B,100001753973,931,1,72.05,5000,,
1153,USD000UTSTOM,B,100001754110,932,1,63.335,1000,,
1154,USD000UTSTOM,B,100001754110,932,2,63.335,1000,168009443,63.335
1155,USD000UTSTOM,S,100001754110,930,2,63.335,1000,168009443,63.335
1156,USD000UTSTOM,B,100001754124,933,1,63.335,1000,,
1157,USD000UTSTOM,B,100001754124,933,0,63.335,1000,,
1158,USD000UTSTOM,B,100001754818,934,1,63.335,1000,,
1159,USD000UTSTOM,B,100001754818,934,0,63.335,1000,,
1160,EUR_RUB__TOM,B,100001755467,935,1,74.3,1000,,
1161,EUR_RUB__TOM,S,100001756158,936,1,77.8,10000,,
1162,EUR_RUB__TOM,B,100001757264,937,1,73,1000,,
1163,EUR_RUB__TOM,S,100001758236,938,1,79.6,5000,,
1164,EUR_RUB__TOM,B,100001759146,939,1,74.0875,1000,,
1165,EUR_RUB__TOM,B,100001760341,940,1,73,25000,,
1166,EUR_RUB__TOM,S,100001761125,941,1,77.2,1000,,
1167,EUR_RUB__TOM,S,100001762623,942,1,78,24000,,
1168,EUR_RUB__TOM,S,100001762955,943,1,78.0025,1000,,
1169,EUR_RUB__TOM,S,100001764681,944,1,76.905,1000,,
1170,EUR_RUB__TOM,B,100001764841,945,1,74,1000,,
1171,EUR_RUB__TOM,S,100001766567,946,1,81.2525,1000,,
1172,EUR_RUB__TOM,B,100001767279,947,1,73,1000,,
1173,USD000UTSTOM,S,100001767352,948,1,63.335,1000,,
1174,EUR_RUB__TOM,S,100001768437,949,1,80,10000,,
1175,EUR_RUB__TOM,B,100001769420,950,1,73.5,1000,,
1176,EUR_RUB__TOM,S,100001771712,951,1,78,2000,,
1177,USD000UTSTOM,B,100001772707,952,1,63.335,1000,,
1178,USD000UTSTOM,B,100001772707,952,2,63.335,1000,168009444,63.335
1179,USD000UTSTOM,S,100001772707,948,2,63.335,1000,168009444,63.335
1180,USD000UTSTOM,B,100001772723,953,1,63.335,1000,,
1181,USD000UTSTOM,B,100001772723,953,0,63.335,1000,,
1182,USD000UTSTOM,B,100001773375,954,1,63.335,1000,,
1183,USD000UTSTOM,B,100001773375,954,0,63.335,1000,,
1184,EUR_RUB__TOM,S,100001773977,955,1,80,2000,,
1185,EUR_RUB__TOM,S,100001776253,956,1,78,1000,,
1186,EUR_RUB__TOM,B,100001778506,957,1,73.5575,5000,,
1187,USD000UTSTOM,S,100001778956,958,1,63.335,5000,,
1188,USD000UTSTOM,B,100001779302,959,1,63.335,5000,,
1189,USD000UTSTOM,B,100001779302,959,2,63.335,5000,168009445,63.335
1190,USD000UTSTOM,S,100001779302,958,2,63.335,5000,168009445,63.335
1191,USD000UTSTOM,B,100001779314,960,1,63.335,5000,,
1192,USD000UTSTOM,B,100001779314,960,0,63.335,5000,,
1193,USD000UTSTOM,B,100001779953,961,1,63.335,5000,,
1194,USD000UTSTOM,B,100001779953,961,0,63.335,5000,,
1195,EUR_RUB__TOM,S,100001780780,962,1,79.625,3000,,
1196,EUR_RUB__TOM,B,100001781475,963,1,75.17,15000,,
1197,EUR_RUB__TOM,S,100001783012,964,1,77.7,650000,,
1198,EUR_RUB__TOM,B,100001783315,965,1,75.1,10000,,
1199,EUR_RUB__TOM,B,100001785103,966,1,75.3625,10000,,
1200,EUR_RUB__TOM,S,100001785252,967,1,80.49,11000,,
1201,USD000UTSTOM,S,100001786302,968,1,63.335,5000,,
1202,USD000UTSTOM,B,100001786677,969,1,63.335,5000,,
1203,USD000UTSTOM,B,100001786677,969,2,63.335,5000,168009446,63.335
1204,USD000UTSTOM,S,100001786677,968,2,63.335,5000,168009446,63.335
1205,USD000UTSTOM,B,100001786691,970,1,63.335,5000,,
1206,USD000UTSTOM,B,100001786691,970,0,63.335,5000,,
1207,EUR_RUB__TOM,S,100001787007,971,1,77,10000,,
1208,USD000UTSTOM,B,100001787402,972,1,63.335,5000,,
1209,USD000UTSTOM,B,100001787402,972,0,63.335,5000,,
1210,EUR_RUB__TOM,S,100001787514,973,1,77.235,3000,,
1211,EUR_RUB__TOM,B,100001788988,974,1,75,1000,,
1212,EUR_RUB__TOM,S,100001789771,975,1,76.6425,1000,,
1213,EUR_RUB__TOM,S,100001790740,976,1,76.2,1000,,
1214,EUR_RUB__TOM,S,100001791980,977,1,76.64,1000,,
1215,EUR_RUB__TOM,B,100001792550,978,1,74.8,1000,,
1216,EUR_RUB__TOM,S,100001794218,979,1,76.55,1000,,
1217,EUR_RUB__TOM,B,100001794262,980,1,75,10000,,
1218,EUR_RUB__TOM,B,100001795948,981,1,74.9,3000,,
1219,EUR_RUB__TOM,S,100001796421,982,1,76.46,1000,,
1220,EUR_RUB__TOM,B,100001797737,983,1,75.3,10000,,
1221,EUR_RUB__TOM,B,100001798677,984,1,74.92,1000,,
1222,GBPRUB_TOM,S,100001799563,985,1,87.4975,20000,,
1223,EUR_RUB__TOM,B,100001800810,986,1,74.84,1000,,
1224,EUR_RUB__TOM,B,100001801434,987,1,75.2075,18000,,
1225,EUR_RUB__TOM,B,100001803097,988,1,75,5000,,
1226,EUR_RUB__TOM,B,100001803266,989,1,75.09,1000,,
1227,EUR_RUB__TOM,B,100001805160,990,1,73.8,1000,,
1228,EUR_RUB__TOM,B,100001805332,991,1,74.2025,1000,,
1229,EUR_RUB__TOM,B,100001807214,992,1,74.45,1000,,
1230,EUR_RUB__TOM,B,100001807491,993,1,73.5075,1000,,
1231,EUR_RUB__TOM,B,100001809197,994,1,74.51,1000,,
1232,EUR_RUB__TOM,B,100001809688,995,1,73,2000,,
1233,EUR_RUB__TOM,S,100001811212,996,1,76.78,5000,,
1234,EUR_RUB__TOM,B,100001812078,997,1,74.36,5000,,
1235,EUR_RUB__TOM,B,100001813039,998,1,75.11,1000,,
1236,EUR_RUB__TOM,B,100001814332,999,1,74.48,15000,,
1237,GBPRUB_TOM,B,100001814853,1000,1,80.8675,1000,,
1238,EUR_RUB__TOM,B,100001818378,1001,1,74.5,5000,,
1239,EUR_RUB__TOM,B,100001818417,1002,1,74.6325,3000,,
1240,GBPRUB_TOM,B,100001820287,1003,1,80,1000,,
1241,EUR_RUB__TOM,S,100001820626,1004,1,80,25000,,
1242,USD000UTSTOM,B,100001822098,1005,1,59,1000,,
1243,EUR_RUB__TOM,B,100001823629,1006,1,74.66,25000,,
1244,USD000UTSTOM,S,100001824540,1007,1,65.97,12000,,
1245,EUR_RUB__TOM,S,100001825805,1008,1,76.735,1000,,
1246,USD000UTSTOM,S,100001826312,1009,1,65.63,1000,,
1247,EUR_RUB__TOM,B,100001828007,1010,1,73.71,3000,,
1248,USD000UTSTOM,S,100001828171,1011,1,65.89,1000,,
1249,EUR_RUB__TOM,B,100001830266,1012,1,73.7975,1000,,
1250,EUR_RUB__TOM,B,100001832488,1013,1,74.51,10000,,
1251,EUR_RUB__TOM,B,100001834980,1014,1,74.6125,1000,,
1252,EUR_RUB__TOM,B,100001837239,1015,1,75.0075,9000,,
1253,EUR_RUB__TOM,B,100001839530,1016,1,75.1,1000,,
1254,EUR_RUB__TOM,B,100001841709,1017,1,74.8,3000,,
1255,EUR_RUB__TOM,S,100001842712,1018,1,76.22,3000000,,
1256,EUR_RUB__TOM,B,100001843894,1019,1,74.7225,9000,,
1257,EUR_RUB__TOM,B,100001846193,1020,1,71.6175,1000,,
1258,EUR_RUB__TOM,B,100001846781,1021,1,76.015,3000000,,
1259,EUR_RUB__TOM,S,100001848354,1022,1,77.6425,1000,,
1260,EUR_RUB__TOM,B,100001850545,1023,1,75.1025,1000,,
1261,EUR_RUB__TOM,B,100001852751,1024,1,74.76,3000,,
1262,EUR_RUB__TOM,B,100001854932,1025,1,75.0025,1000,,
1263,EUR_RUB__TOM,S,100001857210,1026,1,78.26,1000,,
1264,EUR_RUB__TOM,B,100001859470,1027,1,75.1975,20000,,
1265,EUR_RUB__TOM,S,100001861702,1028,1,76.5,1000,,
1266,EUR_RUB__TOM,B,100001863903,1029,1,75.25,1000,,
1267,GBPRUB_TOM,S,100001866095,1030,1,92.08,2000,,
1268,EUR_RUB__TOM,B,100001868505,1031,1,74.87,4000,,
1269,EUR_RUB__TOM,S,100001870683,1032,1,79.9525,1000,,
1270,EUR_RUB__TOM,B,100001873069,1033,1,74.74,1000,,
1271,EUR_RUB__TOM,B,100001875307,1034,1,75.1475,20000,,
1272,EUR_RUB__TOM,B,100001877626,1035,1,74.675,17000,,
1273,GBPRUB_TOM,B,100001879862,1036,1,85,4000,,
1274,EUR_RUB__TOM,S,100001882137,1037,1,76.5025,1000,,
1275,EUR_RUB__TOM,B,100001884424,1038,1,75.0975,20000,,
1276,EUR_RUB__TOM,S,100001884648,1039,1,76.17,1000000,,
1277,EUR_RUB__TOM,B,100001886717,1040,1,0,1000,,
1278,EUR_RUB__TOM,B,100001886717,1040,2,0,1000,168009447,76.17
1279,EUR_RUB__TOM,S,100001886717,1039,2,76.17,1000,168009447,76.17
1280,EUR_RUB__TOM,B,100001889292,1041,1,75.9025,1000,,
1281,GBPRUB_TOM,B,100001891568,1042,1,86.2,1000,,
1282,EUR_RUB__TOM,S,100001893130,1043,1,76.49,3000000,,
1283,USD000UTSTOM,B,100001893871,1044,1,59,1000,,
1284,EUR_RUB__TOM,B,100001896149,1045,1,75.0475,20000,,
1285,EUR_RUB__TOM,B,100001897961,829,0,75.865,3000000,,
1286,EUR_RUB__TOM,B,100001897975,1046,1,75.87,3000000,,
1287,USD000UTSTOM,B,100001898347,1047,1,59.6,2000,,
1288,USD000UTSTOM,B,100001900628,1048,1,58.5,1000,,
1289,EUR_RUB__TOM,B,100001903064,1049,1,75.575,1000,,
1290,EUR_RUB__TOM,B,100001903064,1049,0,75.575,1000,,
1291,EUR_RUB__TOM,B,100001905734,1050,1,75.6,1000,,
1292,EUR_RUB__TOM,B,100001908134,1051,1,74.9575,20000,,
1293,EUR_RUB__TOM,B,100001910849,1052,1,75.5,50000,,
1294,EUR_RUB__TOM,B,100001913154,1053,1,74.7775,20000,,
1295,EUR_RUB__TOM,B,100001915230,1054,1,74.6475,20000,,
1296,EUR_RUB__TOM,B,100001917451,1055,1,74.4475,20000,,
1297,EUR_RUB__TOM,B,100001919645,1056,1,74.2475,20000,,
1298,USD000UTSTOM,B,100001921885,1057,1,59.9,5000,,
1299,EUR_RUB__TOM,S,100001922323,1058,1,77.7775,1000,,
1300,EUR_RUB__TOM,B,100001924106,1059,1,74.1475,20000,,
1301,USD000UTSTOM,B,100001926252,1060,1,59.33,1000,,
1302,EUR_RUB__TOM,S,100001927177,1061,1,76.7775,1000,,
1303,EUR_RUB__TOM,B,100001928392,1062,1,75.015,1000,,
1304,EUR_RUB__TOM,B,100001930605,1063,1,75.725,4000,,
1305,GBPRUB_TOM,B,100001932766,1064,1,85.1625,5000,,
1306,GBPRUB_TOM,S,100001939491,1065,1,87.2275,5000,,
1307,USD000UTSTOM,S,100001941624,1066,1,65.235,1000,,
1308,CNYRUB_TOM,S,100001942625,1067,1,9.98,500000,,
1309,CNYRUB_TOM,S,100001942911,1068,1,9.9764,3000000,,
1310,USD000UTSTOM,S,100001944150,1069,1,66.7375,1000,,
1311,USD000UTSTOM,S,100001946379,1070,1,66.2025,2000,,
1312,USD000UTSTOM,S,100001947436,1071,1,63.4,50000,,
1313,USD000UTSTOM,B,100001948674,1072,1,58.5,1000,,
1314,USD000UTSTOM,B,100001951043,1073,1,59.3,1000,,
1315,EUR_RUB__TOM,S,100001952708,1039,0,76.17,999000,,
1316,USD000UTSTOM,B,100001953250,1074,1,58.3,1000,,
1317,USD000UTSTOM,B,100001956050,1075,1,60.28,1000,,
1318,USD000UTSTOM,S,100001958386,1076,1,65.5,1000,,
1319,USD000UTSTOM,S,100001972853,1077,1,63.2,1000,,
1320,USD000UTSTOM,B,100001972853,896,2,63.325,1000,168009448,63.325
1321,USD000UTSTOM,S,100001972853,1077,2,63.2,1000,168009448,63.325
1322,USD000UTSTOM,B,100002011877,896,0,63.325,99000,,
1323,EUR_RUB__TOM,B,100002011896,895,0,76.065,1000000,,
1324,CHFRUB_TOM,B,100002012298,1078,1,63.295,500000,,
1325,CHFRUB_TOM,B,100002012298,828,0,63.395,500000,,
1326,EUR_RUB__TOM,B,100002033820,1021,0,76.015,3000000,,
1327,USD000UTSTOM,S,100002040040,1079,1,63.45,1000,,
1328,USD000UTSTOM,B,100002040751,1080,1,63.3025,37000,,
1329,USD000UTSTOM,S,100002059671,1081,1,63.3775,100000,,
1330,CHFRUB_TOM,S,100002060164,1082,1,64.8225,500000,,
1331,EUR_RUB__TOM,S,100002106094,1083,1,76.75,9000,,
1332,USD000UTSTOM,S,100002127884,1084,1,63.45,5000,,
1333,USD000UTSTOM,S,100002132535,1085,1,63.3325,4000,,
1334,USD000UTSTOM,B,100002171982,1086,1,62.5,6000,,
1335,CHFRUB_TOM,S,100002172446,1082,0,64.8225,500000,,
1336,CHFRUB_TOM,S,100002172446,1087,1,64.32,500000,,
1337,USD000UTSTOM,S,100002173740,1081,0,63.3775,100000,,
1338,CHFRUB_TOM,S,100002174138,1087,0,64.32,500000,,
1339,EUR_RUB__TOM,B,100002184506,1088,1,76.02,3000000,,
1340,EUR_RUB__TOM,S,100002221051,1089,1,77.8975,150000,,
1341,EUR_RUB__TOM,B,100002234957,1090,1,75.9,3000000,,
1342,EUR_RUB__TOM,S,100002234969,1091,1,76.215,3000000,,
1343,EUR_RUB__TOM,S,100002234982,1018,0,76.22,3000000,,
1344,EUR_RUB__TOM,B,100002234988,1046,0,75.87,3000000,,
1345,EUR_RUB__TOM,S,100002237772,1092,1,76.43,20000,,
1346,EUR_RUB__TOM,B,100002240898,1093,1,75.2,10000,,
1347,EUR_RUB__TOM,S,100002244349,1094,1,76.65,20000,,
1348,EUR_RUB__TOM,B,100002252117,1095,1,75.775,20000,,
1349,EUR_RUB__TOM,B,100002262600,1096,1,76.065,1000000,,
1350,EUR_RUB__TOM,B,100002273121,1097,1,74.72,50000,,
1351,USD000UTSTOM,S,100002274077,1098,1,64.7775,108000,,
1352,CHFRUB_TOM,S,100002274452,1099,1,65.1,500000,,
1353,EUR_RUB__TOM,S,100002275510,1100,1,76.78,50000,,
1354,USD000UTSTOM,S,100002277215,1101,1,63.38,100000,,
1355,USD000UTSTOM,B,100002277770,1102,1,61.72,50000,,
1356,USD000UTSTOM,S,100002280134,1103,1,63.83,50000,,
1357,USD000UTSTOM,S,100002282627,1101,0,63.38,100000,,
1358,EUR_RUB__TOM,B,100002373003,1104,1,75.575,1000,,
1359,EUR_RUB__TOM,B,100002373003,1104,0,75.575,1000,,
1360,USD000UTSTOM,B,100002382172,1105,1,63.335,100000,,
1361,USD000UTSTOM,B,100002382172,1105,2,63.335,4000,168009449,63.3325
1362,USD000UTSTOM,S,100002382172,1085,2,63.3325,4000,168009449,63.3325
1363,CHFRUB_TOM,B,100002382856,1078,0,63.295,500000,,
1364,CHFRUB_TOM,B,100002382856,1106,1,63.4975,500000,,
1365,EUR_RUB__TOM,B,100002382871,1107,1,75.905,50000,,
1366,CHFRUB_TOM,S,100002382881,1099,0,65.1,500000,,
1367,CHFRUB_TOM,S,100002382881,1108,1,65.1025,500000,,
1368,USD000UTSTOM,B,100002383210,1080,0,63.3025,37000,,
1369,USD000UTSTOM,B,100002383210,1109,1,63.355,172000,,
1370,USD000UTSTOM,B,100002383210,1109,2,63.355,55000,168009450,63.35
1371,USD000UTSTOM,S,100002383210,655,2,63.35,55000,168009450,63.35
1372,CNYRUB_TOM,S,100002384015,1067,0,9.98,500000,,
1373,EUR_RUB__TOM,B,100002384025,1107,0,75.905,50000,,
1374,CNYRUB_TOM,S,100002384276,1068,0,9.9764,3000000,,
1375,USD000UTSTOM,S,100002384409,1110,1,63.3975,100000,,
1376,EURUSD000TOM,S,100002397735,51,0,1.20165,1000000,,
1377,EUR_RUB__TOM,B,100002397979,1088,0,76.02,3000000,,
1378,EUR_RUB__TOM,B,100002398040,1111,1,76.025,3000000,,
1379,EUR_RUB__TOM,S,100002398683,1112,1,76.4275,200000,,
1380,EUR_RUB__TOM,S,100002403508,1113,1,76.195,65000,,
1381,EUR_RUB__TOM,B,100002404853,1114,1,76.0275,200000,,
1382,EUR_RUB__TOM,B,100002420924,1115,1,74.5125,55000,,
1383,EUR_RUB__TOM,S,100002423841,1116,1,77.2825,62000,,
1384,EUR_RUB__TOM,B,100002430357,1117,1,75.575,1000,,
1385,EUR_RUB__TOM,B,100002430357,1117,0,75.575,1000,,
1386,USD000UTSTOM,S,100002430955,1118,1,63.3725,50000,,
1387,USD000UTSTOM,S,100002431369,1119,1,63.355,117000,,
1388,USD000UTSTOM,B,100002431369,1109,2,63.355,117000,168009451,63.355
1389,USD000UTSTOM,S,100002431369,1119,2,63.355,117000,168009451,63.355
1390,USD000UTSTOM,S,100002431384,1120,1,63.355,117000,,
1391,USD000UTSTOM,S,100002431384,1120,0,63.355,117000,,
1392,EUR_RUB__TOM,S,100002431393,1121,1,76.195,50000,,
1393,EUR_RUB__TOM,S,100002431979,1112,0,76.4275,200000,,
1394,EUR_RUB__TOM,S,100002431979,1122,1,76.2125,200000,,
1395,CHFRUB_TOM,B,100002432100,1106,0,63.4975,500000,,
1396,CHFRUB_TOM,B,100002432100,1123,1,63.4,500000,,
1397,USD000UTSTOM,S,100002432123,1124,1,63.355,40000,,
1398,USD000UTSTOM,S,100002432123,1124,0,63.355,40000,,
1399,EUR_RUB__TOM,B,100002432426,1114,0,76.0275,200000,,
1400,USD000UTSTOM,S,100002434418,1125,1,63.3925,400000,,
1401,EUR_RUB__TOM,S,100002434836,1121,0,76.195,50000,,
1402,USD000UTSTOM,S,100002435242,1126,1,63.39,100000,,
1403,USD000UTSTOM,S,100002435242,1110,0,63.3975,100000,,
1404,USD000UTSTOM,B,100002435663,1127,1,63.3375,37000,,
1405,EUR_RUB__TOM,S,100002435758,1128,1,76.1925,50000,,
1406,EUR_RUB__TOM,B,100002449249,1129,1,75.905,3000000,,
1407,EUR_RUB__TOM,B,100002449559,1090,0,75.9,3000000,,
1408,USD000UTSTOM,S,100002467411,1118,0,63.3725,50000,,
1409,EUR_RUB__TOM,S,100002467860,1128,0,76.1925,50000,,
1410,EURUSD000TOM,B,100002486339,1130,1,1.201,1000000,,
1411,EURUSD000TOM,B,100002486348,236,0,1.2009,1000000,,
1412,USD000UTSTOM,S,100002522669,1131,1,63.6125,30000,,
1413,CHFRUB_TOM,S,100002523117,1108,0,65.1025,500000,,
1414,CHFRUB_TOM,S,100002523117,1132,1,63.72,500000,,
1415,EUR_RUB__TOM,S,100002529689,1133,1,76.445,3000000,,
1416,EUR_RUB__TOM,S,100002529712,1043,0,76.49,3000000,,
1417,CNYRUB_TOM,S,100002534487,1134,1,9.984,500000,,
1418,CNYRUB_TOM,S,100002534899,1135,1,9.9798,3000000,,
1419,EURUSD000TOM,S,100002548260,1136,1,1.20175,1000000,,
1420,EUR_RUB__TOM,B,100002564254,1137,1,76.07,1000000,,
1421,EUR_RUB__TOM,B,100002564264,1096,0,76.065,1000000,,
1422,USD000UTSTOM,B,100002572409,1138,1,63.3025,100000,,
1423,USD000UTSTOM,B,100002572409,820,0,63.2125,100000,,
1424,CHFRUB_TOM,B,100002572947,1139,1,63.5,500000,,
1425,CHFRUB_TOM,B,100002572947,1123,0,63.4,500000,,
1426,CNYRUB_TOM,S,100002577887,1135,0,9.9798,3000000,,
1427,EUR_RUB__TOM,B,100002578903,1140,1,75.9,10000,,
1428,EUR_RUB__TOM,B,100002581507,1141,1,75.8,10000,,
1429,EUR_RUB__TOM,S,100002582996,1133,0,76.445,3000000,,
1430,USD000UTSTOM,S,100002583473,1142,1,0,50000,,
1431,USD000UTSTOM,B,100002583473,1127,2,63.3375,37000,168009452,63.3375
1432,USD000UTSTOM,S,100002583473,1142,2,0,37000,168009452,63.3375
1433,USD000UTSTOM,B,100002583473,1105,2,63.335,13000,168009453,63.335
1434,USD000UTSTOM,S,100002583473,1142,2,0,13000,168009453,63.335
1435,EUR_RUB__TOM,B,100002584314,1143,1,75.9075,50000,,
1436,CHFRUB_TOM,B,100002584323,1139,0,63.5,500000,,
1437,CHFRUB_TOM,B,100002584323,1144,1,63.4,500000,,
1438,EUR_RUB__TOM,S,100002593179,1091,0,76.215,3000000,,
1439,EURUSD000TOM,S,100002597676,377,0,1.2017,1000000,,
1440,USD000UTSTOM,S,100002612025,1145,1,63.3725,50000,,
1441,EUR_RUB__TOM,S,100002612442,1146,1,76.1925,50000,,
1442,USD000UTSTOM,B,100002612769,1147,1,63.3375,102000,,
1443,EUR_RUB__TOM,B,100002613191,1143,0,75.9075,50000,,
1444,USD000UTSTOM,S,100002620602,1145,0,63.3725,50000,,
1445,EUR_RUB__TOM,S,100002620973,1146,0,76.1925,50000,,
1446,CHFRUB_TOM,S,100002620984,1148,1,63.7225,500000,,
1447,CHFRUB_TOM,S,100002620984,1132,0,63.72,500000,,
1448,EUR_RUB__TOM,B,100002621863,1137,0,76.07,1000000,,
1449,USD000UTSTOM,B,100002621872,1105,0,63.335,83000,,
1450,EUR_RUB__TOM,B,100002622289,1149,1,75.9075,50000,,
1451,EUR_RUB__TOM,B,100002622672,1150,1,75.9075,200000,,
1452,USD000UTSTOM,B,100002623460,1138,0,63.3025,100000,,
1453,CHFRUB_TOM,B,100002623829,1151,1,63.3,500000,,
1454,CHFRUB_TOM,B,100002623829,1144,0,63.4,500000,,
1455,EUR_RUB__TOM,B,100002623838,1149,0,75.9075,50000,,
1456,USD000UTSTOM,S,100002634510,1152,1,63.3325,50000,,
1457,USD000UTSTOM,B,100002634510,1147,2,63.3375,50000,168009454,63.3375
1458,USD000UTSTOM,S,100002634510,1152,2,63.3325,50000,168009454,63.3375
1459,EUR_RUB__TOM,B,100002635018,1111,0,76.025,3000000,,
1460,USD000UTSTOM,B,100002636119,1147,0,63.3375,52000,,
1461,CHFRUB_TOM,B,100002636493,1153,1,63.28,500000,,
1462,CHFRUB_TOM,B,100002636493,1151,0,63.3,500000,,
1463,USD000UTSTOM,B,100002636578,1154,1,63.3025,50000,,
1464,USD000UTSTOM,S,100002636641,814,0,63.9875,100000,,
1465,USD000UTSTOM,S,100002636641,1155,1,63.3875,100000,,
1466,USD000UTSTOM,B,100002636884,1156,1,63.2125,100000,,
1467,USD000UTSTOM,S,100002636956,1157,1,63.3325,50000,,
1468,EUR_RUB__TOM,S,100002637235,1158,1,76.1925,50000,,
1469,USD000UTSTOM,B,100002637384,1154,0,63.3025,50000,,
1470,USD000UTSTOM,S,100002637487,1159,1,63.9875,100000,,
1471,USD000UTSTOM,S,100002637487,1155,0,63.3875,100000,,
1472,USD000UTSTOM,S,100002637559,1160,1,63.385,100000,,
1473,USD000UTSTOM,S,100002637559,1126,0,63.39,100000,,
1474,EUR_RUB__TOM,S,100002638173,1158,0,76.1925,50000,,
1475,EUR_RUB__TOM,S,100002643741,1161,1,76.22,3000000,,
1476,USD000UTSTOM,S,100002650955,1157,0,63.3325,50000,,
1477,USD000UTSTOM,B,100002651652,1162,1,63.3025,55000,,
1478,USD000UTSTOM,S,100002670488,1163,1,63.985,1000,,
1479,USD000UTSTOM,B,100002696146,1164,1,63.29,6000,,
1480,EURUSD000TOM,B,100002722817,1165,1,1.20105,1000000,,
1481,EURUSD000TOM,B,100002722881,60,0,1.20095,1000000,,
1482,EURUSD000TOM,S,100002748216,1166,1,1.2018,1000000,,
1483,EUR_RUB__TOM,S,100002778253,1161,0,76.22,3000000,,
1484,EURUSD000TOM,S,100002782748,1136,0,1.20175,1000000,,
1485,USD000UTSTOM,B,100002786464,1167,1,63.325,100000,,
1486,EUR_RUB__TOM,B,100002786474,1168,1,76.03,3000000,,
1487,EUR_RUB__TOM,B,100002786880,1169,1,75.91,50000,,
1488,CHFRUB_TOM,B,100002786895,1153,0,63.28,500000,,
1489,CHFRUB_TOM,B,100002786895,1170,1,63.505,500000,,
1490,CHFRUB_TOM,S,100002786901,1148,0,63.7225,500000,,
1491,CHFRUB_TOM,S,100002786901,1171,1,63.725,500000,,
1492,USD000UTSTOM,B,100002787267,1162,0,63.3025,55000,,
1493,USD000UTSTOM,B,100002787267,1172,1,63.3275,58000,,
1494,EUR_RUB__TOM,B,100002787763,1169,0,75.91,50000,,
1495,CNYRUB_TOM,S,100002803377,1173,1,9.9804,3000000,,
1496,EUR_RUB__TOM,S,100002815338,1122,0,76.2125,200000,,
1497,EUR_RUB__TOM,B,100002815621,1150,0,75.9075,200000,,
1498,EUR_RUB__TOM,S,100002816438,1174,1,76.4275,200000,,
1499,EUR_RUB__TOM,B,100002816768,1175,1,75.9075,200000,,
1500,EUR_RUB__TOM,S,100002829291,1176,1,76.225,3000000,,
1501,EUR_RUB__TOM,S,100002830006,1174,0,76.4275,200000,,
1502,EUR_RUB__TOM,S,100002830006,1177,1,76.2225,200000,,
1503,EUR_RUB__TOM,B,100002836700,1178,1,75.91,3000000,,
1504,EUR_RUB__TOM,B,100002836799,1129,0,75.905,3000000,,
1505,EUR_RUB__TOM,B,100002837428,1179,1,75.9125,200000,,
1506,EUR_RUB__TOM,B,100002837428,1175,0,75.9075,200000,,
1507,EURUSD000TOM,B,100002868307,1180,1,1.2011,1000000,,
1508,EURUSD000TOM,B,100002868338,1130,0,1.201,1000000,,
1509,EUR_RUB__TOM,B,100002872287,1181,1,76.075,1000000,,
1510,EUR_RUB__TOM,B,100002887255,1182,1,75.645,3000000,,
1511,EUR_RUB__TOM,B,100002931235,1183,1,75.11,1000,,
1512,EURUSD000TOM,S,100002933242,1184,1,1.20185,1000000,,
1513,EUR_RUB__TOM,S,100002948913,1185,1,76.485,3000000,,
1514,USD000UTSTOM,S,100002996003,1186,1,63.4,1000,,
1515,CHFRUB_TOM,S,100002996403,1171,0,63.725,500000,,
1516,CHFRUB_TOM,S,100002996403,1187,1,63.7275,500000,,
1517,CHFRUB_TOM,B,100002996418,1170,0,63.505,500000,,
1518,CHFRUB_TOM,B,100002996418,1188,1,63.5075,500000,,
1519,CNYRUB_TOM,B,100003018707,1189,1,9.9549,3000000,,
1520,EUR_RUB__TOM,B,100003061585,1190,1,75.575,1000,,
1521,EUR_RUB__TOM,B,100003061585,1190,0,75.575,1000,,
1522,EUR_RUB__TOM,S,100003086620,1191,1,76.18,1000000,,
1523,EUR_RUB__TOM,B,100003099258,1192,1,75.655,3000000,,
1524,EUR_RUB__TOM,B,100003099401,1182,0,75.645,3000000,,
1525,EUR_RUB__TOM,B,100003103461,1181,0,76.075,1000000,,
1526,USD000UTSTOM,S,100003110156,1193,1,63.52,1000,,
1527,USD000UTSTOM,S,100003123232,1194,1,63.38,100000,,
1528,CHFRUB_TOM,S,100003123641,1187,0,63.7275,500000,,
1529,CHFRUB_TOM,S,100003123641,1195,1,63.72,500000,,
1530,USD000UTSTOM,S,100003123993,1160,0,63.385,100000,,
1531,USD000UTSTOM,S,100003123993,1196,1,63.3775,100000,,
1532,CHFRUB_TOM,S,100003124006,1195,0,63.72,500000,,
1533,CHFRUB_TOM,S,100003124006,1197,1,63.725,500000,,
1534,EUR_RUB__TOM,S,100003124724,1185,0,76.485,3000000,,
1535,EUR_RUB__TOM,B,100003141217,1198,1,76.035,3000000,,
1536,EUR_RUB__TOM,B,100003141448,1168,0,76.03,3000000,,
1537,EUR_RUB__TOM,S,100003141866,1177,0,76.2225,200000,,
1538,EUR_RUB__TOM,B,100003142175,1179,0,75.9125,200000,,
1539,EURUSD000TOM,S,100003152664,1166,0,1.2018,1000000,,
1540,EUR_RUB__TOM,S,100003153533,1199,1,76.1925,200000,,
1541,EUR_RUB__TOM,B,100003153853,1200,1,75.9125,200000,,
1542,EUR_RUB__TOM,S,100003153941,1191,0,76.18,1000000,,
1543,USD000UTSTOM,S,100003159977,1194,0,63.38,100000,,
1544,CHFRUB_TOM,S,100003160357,1201,1,63.7275,500000,,
1545,CHFRUB_TOM,S,100003160357,1197,0,63.725,500000,,
1546,EUR_RUB__TOM,S,100003160627,1199,0,76.1925,200000,,
1547,EUR_RUB__TOM,S,100003175778,1202,1,76.495,3000000,,
1548,EUR_RUB__TOM,S,100003176588,1203,1,76.2225,200000,,
1549,EUR_RUB__TOM,B,100003194829,1204,1,75.66,3000000,,
1550,EUR_RUB__TOM,B,100003194860,1192,0,75.655,3000000,,
1551,EUR_RUB__TOM,B,100003202333,1205,1,75.915,3000000,,
1552,EUR_RUB__TOM,B,100003202371,1178,0,75.91,3000000,,
1553,EUR_RUB__TOM,B,100003203127,1206,1,75.9175,200000,,
1554,EUR_RUB__TOM,B,100003203127,1200,0,75.9125,200000,,
1555,EUR_RUB__TOM,B,100003210365,1204,0,75.66,3000000,,
1556,USD000UTSTOM,B,100003235869,1207,1,63.335,100000,,
1557,EUR_RUB__TOM,B,100003236285,1208,1,76.0375,50000,,
1558,CHFRUB_TOM,S,100003236295,1201,0,63.7275,500000,,
1559,CHFRUB_TOM,S,100003236295,1209,1,63.73,500000,,
1560,CHFRUB_TOM,B,100003236317,1188,0,63.5075,500000,,
1561,CHFRUB_TOM,B,100003236317,1210,1,63.52,500000,,
1562,USD000UTSTOM,B,100003236677,1172,0,63.3275,58000,,
1563,USD000UTSTOM,B,100003236677,1211,1,63.3375,102000,,
1564,CHFRUB_TOM,B,100003236786,1210,0,63.52,500000,,
1565,CHFRUB_TOM,B,100003236786,1212,1,63.51,500000,,
1566,EUR_RUB__TOM,B,100003236828,1206,0,75.9175,200000,,
1567,EUR_RUB__TOM,B,100003236828,1213,1,76.0375,200000,,
1568,EUR_RUB__TOM,B,100003237275,1208,0,76.0375,50000,,
1569,EURUSD000TOM,B,100003238832,1214,1,1.20115,1000000,,
1570,EURUSD000TOM,B,100003238853,1165,0,1.20105,1000000,,
1571,EUR_RUB__TOM,S,100003260593,1215,1,76.49,3000000,,
1572,EUR_RUB__TOM,S,100003260619,1202,0,76.495,3000000,,
1573,EUR_RUB__TOM,B,100003292375,1216,1,75.66,3000000,,
1574,EURUSD000TOM,S,100003303183,1217,1,1.2019,1000000,,
1575,EUR_RUB__TOM,B,100003310191,1218,1,76.08,1000000,,
1576,EUR_RUB__TOM,S,100003326282,1219,1,76.475,3000000,,
1577,EUR_RUB__TOM,S,100003326305,1215,0,76.49,3000000,,
1578,USD000UTSTOM,B,100003387716,1220,1,63.335,100000,,
1579,USD000UTSTOM,B,100003387760,1167,0,63.325,100000,,
1580,CHFRUB_TOM,B,100003388155,1221,1,63.6075,500000,,
1581,CHFRUB_TOM,B,100003388155,1212,0,63.51,500000,,
1582,EUR_RUB__TOM,S,100003404884,1219,0,76.475,3000000,,
1583,USD000UTSTOM,S,100003425937,1222,1,63.385,100000,,
1584,CHFRUB_TOM,S,100003426365,1209,0,63.73,500000,,
1585,CHFRUB_TOM,S,100003426365,1223,1,63.7225,500000,,
1586,CHFRUB_TOM,S,100003426736,1223,0,63.7225,500000,,
1587,CHFRUB_TOM,S,100003426736,1224,1,63.7275,500000,,
1588,EUR_RUB__TOM,B,100003446726,1216,0,75.66,3000000,,
1589,EUR_RUB__TOM,S,100003456468,1225,1,76.48,3000000,,
1590,EURUSD000TOM,B,100003457723,1226,1,1.2012,1000000,,
1591,EURUSD000TOM,B,100003457773,1214,0,1.20115,1000000,,
1592,CNYRUB_TOM,B,100003463231,1227,1,9.954,500000,,
1593,EUR_RUB__TOM,B,100003468036,1205,0,75.915,3000000,,
1594,CNYRUB_TOM,S,100003536018,1228,1,9.98,3000000,,
1595,CNYRUB_TOM,S,100003536294,1229,1,9.982,500000,,
1596,EUR_RUB__TOM,S,100003537420,1230,1,76.185,1000000,,
1597,EUR_RUB__TOM,B,100003543041,1231,1,75.915,3000000,,
1598,EUR_RUB__TOM,S,100003555482,1232,1,76.475,3000000,,
1599,EUR_RUB__TOM,S,100003555511,1225,0,76.48,3000000,,
1600,EUR_RUB__TOM,B,100003593805,1233,1,75.665,3000000,,
1601,CNYRUB_TOM,B,100003603795,1234,1,9.9552,3000000,,
1602,EURUSD000TOM,B,100003607661,1226,0,1.2012,1000000,,
1603,USD000UTSTOM,B,100003674250,1235,1,62.31,20000,,
1604,CHFRUB_TOM,S,100003674668,1224,0,63.7275,500000,,
1605,CHFRUB_TOM,S,100003674668,1236,1,63.7225,500000,,
1606,CHFRUB_TOM,S,100003675063,1236,0,63.7225,500000,,
1607,CHFRUB_TOM,S,100003675063,1237,1,63.725,500000,,
1608,EUR_RUB__TOM,B,100003748920,1233,0,75.665,3000000,,
1609,USD000UTSTOM,B,100003798239,8,0,63.15,26000,,
1610,CHFRUB_TOM,S,100003798662,1238,1,63.72,500000,,
1611,CHFRUB_TOM,S,100003798662,1237,0,63.725,500000,,
1612,CHFRUB_TOM,S,100003799021,1239,1,63.7225,500000,,
1613,CHFRUB_TOM,S,100003799021,1238,0,63.72,500000,,
1614,EUR_RUB__TOM,B,100003799879,1240,1,75.64,3000000,,
1615,USD000UTSTOM,B,100003815285,188,0,63.1525,26000,,
1616,EUR_RUB__TOM,S,100003815969,1203,0,76.2225,200000,,
1617,EUR_RUB__TOM,B,100003816230,1213,0,76.0375,200000,,
1618,USD000UTSTOM,B,100003820878,1207,0,63.335,100000,,
1619,EUR_RUB__TOM,B,100003820889,1218,0,76.08,1000000,,
1620,USD000UTSTOM,B,100003820898,1220,0,63.335,100000,,
1621,EUR_RUB__TOM,B,100003820911,1198,0,76.035,3000000,,
1622,CHFRUB_TOM,B,100003821280,1241,1,63.52,500000,,
1623,CHFRUB_TOM,B,100003821280,1221,0,63.6075,500000,,
1624,CHFRUB_TOM,B,100003821684,1242,1,63.4075,500000,,
1625,CHFRUB_TOM,B,100003821684,1241,0,63.52,500000,,
1626,USD000UTSTOM,B,100003821693,1211,0,63.3375,102000,,
1627,CHFRUB_TOM,B,100003822144,1243,1,63.3075,500000,,
1628,CHFRUB_TOM,B,100003822144,1242,0,63.4075,500000,,
1629,USD000UTSTOM,B,100003822153,1244,1,63.3125,50000,,
1630,USD000UTSTOM,B,100003827549,383,0,63.1525,26000,,
1631,USD000UTSTOM,B,100003836469,1244,0,63.3125,50000,,
1632,USD000UTSTOM,B,100003837048,1245,1,62.3125,100000,,
1633,USD000UTSTOM,B,100003837048,765,0,62.2425,100000,,
1634,EUR_RUB__TOM,S,100003851702,1232,0,76.475,3000000,,
1635,CNYRUB_TOM,S,100003897726,1228,0,9.98,3000000,,
1636,CNYRUB_TOM,S,100003897963,1173,0,9.9804,3000000,,
1637,EUR_RUB__TOM,S,100003902472,1246,1,76.49,3000000,,
1638,EURUSD000TOM,B,100003913230,1247,1,1.20115,1000000,,
1639,EUR_RUB__TOM,B,100003914103,1248,1,75.9175,200000,,
1640,USD000UTSTOM,B,100003927980,1249,1,0,4000,,
1641,USD000UTSTOM,B,100003927980,1249,2,0,4000,168009455,63.3775
1642,USD000UTSTOM,S,100003927980,1196,2,63.3775,4000,168009455,63.3775
1643,CHFRUB_TOM,S,100003928647,1239,0,63.7225,500000,,
1644,CHFRUB_TOM,S,100003928647,1250,1,63.72,500000,,
1645,EURUSD000TOM,B,100003947753,1251,1,1.2012,1000000,,
1646,EURUSD000TOM,B,100003947786,1180,0,1.2011,1000000,,
1647,USD000UTSTOM,S,100003949212,1222,0,63.385,100000,,
1648,CHFRUB_TOM,S,100003949598,1252,1,63.7275,500000,,
1649,CHFRUB_TOM,S,100003949598,1250,0,63.72,500000,,
1650,EUR_RUB__TOM,B,100003971698,1253,1,76.035,3000000,,
1651,CNYRUB_TOM,S,100004002692,1134,0,9.984,500000,,
1652,EUR_RUB__TOM,B,100004015174,1254,1,75.525,1000,,
1653,EUR_RUB__TOM,B,100004015174,1254,0,75.525,1000,,
1654,EURUSD000TOM,B,100004062661,1247,0,1.20115,1000000,,
1655,USD000UTSTOM,B,100004071410,1255,1,63.325,100000,,
1656,EUR_RUB__TOM,B,100004071433,1256,1,76.08,1000000,,
1657,USD000UTSTOM,B,100004071449,1257,1,63.335,100000,,
1658,CHFRUB_TOM,B,100004071846,1243,0,63.3075,500000,,
1659,CHFRUB_TOM,B,100004071846,1258,1,63.4075,500000,,
1660,EUR_RUB__TOM,B,100004085603,1259,1,75.645,3000000,,
1661,EUR_RUB__TOM,S,100004085613,1260,1,76.45,3000000,,
1662,EUR_RUB__TOM,S,100004085695,1246,0,76.49,3000000,,
1663,EUR_RUB__TOM,B,100004085705,1240,0,75.64,3000000,,
1664,EUR_RUB__TOM,S,100004170751,1230,0,76.185,1000000,,
1665,EURUSD000TOM,B,100004214035,1261,1,1.2011,1000000,,
1666,EUR_RUB__TOM,S,100004214988,1262,1,76.2225,200000,,
1667,EUR_RUB__TOM,B,100004270148,1259,0,75.645,3000000,,
1668,CNYRUB_TOM,S,100004316302,1263,1,9.9814,3000000,,
1669,USD000UTSTOM,B,100004373064,1156,0,63.2125,100000,,
1670,USD000UTSTOM,B,100004373064,1264,1,63.3025,100000,,
1671,CHFRUB_TOM,B,100004373708,1258,0,63.4075,500000,,
1672,CHFRUB_TOM,B,100004373708,1265,1,63.6075,500000,,
1673,CNYRUB_TOM,B,100004397727,1266,1,9.956,3000000,,
1674,EUR_RUB__TOM,B,100004435314,1267,1,75.645,3000000,,
1675,EUR_RUB__TOM,S,100004436050,1262,0,76.2225,200000,,
1676,EUR_RUB__TOM,B,100004436372,1248,0,75.9175,200000,,
1677,EUR_RUB__TOM,S,100004473834,1268,1,76.185,1000000,,
1678,EUR_RUB__TOM,B,100004519416,1269,1,75.575,1000,,
1679,EUR_RUB__TOM,B,100004519416,1269,0,75.575,1000,,
1680,EUR_RUB__TOM,S,100004617973,1260,0,76.45,3000000,,
1681,EUR_RUB__TOM,B,100004620817,1270,1,75.65,3000000,,
1682,EUR_RUB__TOM,B,100004620980,1267,0,75.645,3000000,,
1683,USD000UTSTOM,B,100004641805,1271,1,0,1000,,
1684,USD000UTSTOM,B,100004641805,1271,2,0,1000,168009456,63.3775
1685,USD000UTSTOM,S,100004641805,1196,2,63.3775,1000,168009456,63.3775
1686,EUR_RUB__TOM,B,100004684796,1272,1,75.66,3000000,,
1687,EUR_RUB__TOM,B,100004684957,1270,0,75.65,3000000,,
1688,EURUSD000TOM,B,100004688923,1273,1,1.20115,1000000,,
1689,EURUSD000TOM,B,100004688971,1261,0,1.2011,1000000,,
1690,EUR_RUB__TOM,S,100004696479,1274,1,76.455,3000000,,
1691,EUR_RUB__TOM,S,100004752321,1275,1,76.445,3000000,,
1692,EUR_RUB__TOM,S,100004752352,1274,0,76.455,3000000,,
1693,EURUSD000TOM,B,100004791880,1273,0,1.20115,1000000,,
1694,EUR_RUB__TOM,S,100004798219,1275,0,76.445,3000000,,
1695,EUR_RUB__TOM,B,100004800795,1272,0,75.66,3000000,,
1696,EURUSD000TOM,B,100004842652,1251,0,1.2012,1000000,,
1697,EUR_RUB__TOM,B,100004851316,1276,1,75.655,3000000,,
1698,EUR_RUB__TOM,B,100004865611,1276,0,75.655,3000000,,
1699,EUR_RUB__TOM,S,100004900346,1277,1,76.45,3000000,,
1700,EUR_RUB__TOM,S,100004915226,1277,0,76.45,3000000,,
1701,EUR_RUB__TOM,B,100004916854,1278,1,75.63,3000000,,
1702,EURUSD000TOM,B,100004942548,1279,1,1.2011,1000000,,
1703,USD000UTSTOM,B,100004966944,1280,1,63.22,5000,,
1704,EURUSD000TOM,B,100004993386,1281,1,1.20115,1000000,,
1705,EUR_RUB__TOM,S,100004998087,1282,1,76.45,3000000,,
1706,EUR_RUB__TOM,B,100005001845,1278,0,75.63,3000000,,
1707,EUR_RUB__TOM,S,100005018198,1282,0,76.45,3000000,,
1708,EUR_RUB__TOM,B,100005068493,1283,1,75.645,3000000,,
1709,EUR_RUB__TOM,S,100005068994,1284,1,76.455,3000000,,
1710,EUR_RUB__TOM,B,100005097420,1285,1,75.575,1000,,
1711,EUR_RUB__TOM,B,100005097420,1285,0,75.575,1000,,
1712,USD000UTSTOM,S,100005200617,1286,1,63.39,100000,,
1713,EUR_RUB__TOM,S,100005201035,1287,1,76.195,50000,,
1714,CHFRUB_TOM,S,100005201101,1252,0,63.7275,500000,,
1715,CHFRUB_TOM,S,100005201101,1288,1,63.72,500000,,
1716,EUR_RUB__TOM,S,100005221256,1289,1,76.45,3000000,,
1717,EUR_RUB__TOM,S,100005221266,1284,0,76.455,3000000,,
1718,EUR_RUB__TOM,B,100005241410,1290,1,75.66,3000000,,
1719,EUR_RUB__TOM,B,100005241496,1283,0,75.645,3000000,,
1720,EUR_RUB__TOM,B,100005269766,1291,1,75.92,3000000,,
1721,EUR_RUB__TOM,B,100005269880,1231,0,75.915,3000000,,
1722,USD000UTSTOM,S,100005275225,1292,1,63.355,50000,,
1723,EUR_RUB__TOM,S,100005275625,1287,0,76.195,50000,,
1724,USD000UTSTOM,B,100005276034,1293,1,63.36,50000,,
1725,USD000UTSTOM,B,100005276034,1293,2,63.36,50000,168009457,63.355
1726,USD000UTSTOM,S,100005276034,1292,2,63.355,50000,168009457,63.355
1727,EUR_RUB__TOM,S,100005276739,1294,1,76.195,50000,,
1728,USD000UTSTOM,S,100005279242,1286,0,63.39,100000,,
1729,EUR_RUB__TOM,S,100005279443,1289,0,76.45,3000000,,
1730,EUR_RUB__TOM,S,100005279603,1294,0,76.195,50000,,
1731,CHFRUB_TOM,S,100005279613,1295,1,63.7275,500000,,
1732,CHFRUB_TOM,S,100005279613,1288,0,63.72,500000,,
1733,USD000UTSTOM,B,100005279906,1296,1,63.3375,68000,,
1734,EUR_RUB__TOM,B,100005300386,1290,0,75.66,3000000,,
1735,USD000UTSTOM,S,100005331882,1297,1,63.345,50000,,
1736,USD000UTSTOM,B,100005332264,1298,1,63.345,50000,,
1737,USD000UTSTOM,B,100005332264,1298,2,63.345,50000,168009458,63.345
1738,USD000UTSTOM,S,100005332264,1297,2,63.345,50000,168009458,63.345
1739,USD000UTSTOM,B,100005332280,1299,1,63.345,50000,,
1740,USD000UTSTOM,B,100005332280,1299,0,63.345,50000,,
1741,USD000UTSTOM,B,100005332597,1300,1,63.35,68000,,
1742,USD000UTSTOM,B,100005332597,1296,0,63.3375,68000,,
1743,USD000UTSTOM,B,100005333029,1301,1,63.345,50000,,
1744,USD000UTSTOM,B,100005333029,1301,0,63.345,50000,,
1745,EUR_RUB__TOM,S,100005334646,1302,1,76.45,3000000,,
1746,USD000UTSTOM,S,100005334656,1303,1,63.345,50000,,
1747,USD000UTSTOM,B,100005334656,1300,2,63.35,50000,168009459,63.35
1748,USD000UTSTOM,S,100005334656,1303,2,63.345,50000,168009459,63.35
1749,EUR_RUB__TOM,S,100005349609,1302,0,76.45,3000000,,
1750,EUR_RUB__TOM,S,100005374498,1268,0,76.185,1000000,,
1751,CNYRUB_TOM,B,100005398684,1304,1,9.9561,3000000,,
1752,CNYRUB_TOM,B,100005398990,903,0,9.9546,3000000,,
1753,EUR_RUB__TOM,B,100005400519,1305,1,75.66,3000000,,
1754,EUR_RUB__TOM,S,100005400529,1306,1,76.455,3000000,,
1755,EUR_RUB__TOM,S,100005474804,1307,1,76.45,3000000,,
1756,EUR_RUB__TOM,S,100005474828,1306,0,76.455,3000000,,
1757,EUR_RUB__TOM,B,100005498434,1291,0,75.92,3000000,,
1758,EUR_RUB__TOM,S,100005505760,1307,0,76.45,3000000,,
1759,EUR_RUB__TOM,B,100005549235,1308,1,75.92,3000000,,
1760,USD000UTSTOM,S,100005565649,1309,1,63.7,300000,,
1761,USD000UTSTOM,S,100005572420,71,0,63.41,40000,,
1762,USD000UTSTOM,S,100005574263,1310,1,63.39,100000,,
1763,EUR_RUB__TOM,S,100005574681,1311,1,76.195,50000,,
1764,CHFRUB_TOM,S,100005574691,1295,0,63.7275,500000,,
1765,CHFRUB_TOM,S,100005574691,1312,1,63.72,500000,,
1766,CHFRUB_TOM,S,100005575121,1312,0,63.72,500000,,
1767,CHFRUB_TOM,S,100005575121,1313,1,63.725,500000,,
1768,USD000UTSTOM,B,100005622454,69,0,63.21,40000,,
1769,EUR_RUB__TOM,B,100005623072,1305,0,75.66,3000000,,
1770,USD000UTSTOM,S,100005636969,1310,0,63.39,100000,,
1771,EUR_RUB__TOM,S,100005637352,1311,0,76.195,50000,,
1772,CHFRUB_TOM,S,100005637362,1314,1,63.7275,500000,,
1773,CHFRUB_TOM,S,100005637362,1313,0,63.725,500000,,
1774,USD000UTSTOM,S,100005652425,67,0,63.41,40000,,
1775,EUR_RUB__TOM,B,100005658503,1315,1,75.575,1000,,
1776,EUR_RUB__TOM,B,100005658503,1315,0,75.575,1000,,
1777,EUR_RUB__TOM,B,100005674553,1316,1,75.655,3000000,,
1778,EUR_RUB__TOM,S,100005674950,1317,1,76.185,1000000,,
1779,USD000UTSTOM,B,100005682421,66,0,63.21,40000,,
1780,EUR_RUB__TOM,S,100005703690,1318,1,76.465,3000000,,
1781,USD000UTSTOM,S,100005713513,65,0,63.41,40000,,
1782,EUR_RUB__TOM,S,100005714088,1318,0,76.465,3000000,,
1783,USD000UTSTOM,B,100005743439,64,0,63.21,40000,,
1784,CNYRUB_TOM,B,100005743873,1319,1,9.9568,3000000,,
1785,EUR_RUB__TOM,B,100005743885,1320,1,76.085,1000000,,
1786,EUR_RUB__TOM,B,100005743893,1256,0,76.08,1000000,,
1787,EUR_RUB__TOM,B,100005744013,1316,0,75.655,3000000,,
1788,CNYRUB_TOM,B,100005744175,1189,0,9.9549,3000000,,
1789,USD000UTSTOM,B,100005744393,1321,1,58.25,1000,,
1790,EUR_RUB__TOM,S,100005765213,1322,1,76.47,3000000,,
1791,USD000UTSTOM,S,100005775436,63,0,63.41,40000,,
1792,USD000UTSTOM,B,100005778577,4,0,63.1775,9000,,
1793,USD000UTSTOM,B,100005789623,1257,0,63.335,100000,,
1794,EUR_RUB__TOM,B,100005789635,1320,0,76.085,1000000,,
1795,USD000UTSTOM,B,100005789646,1255,0,63.325,100000,,
1796,EUR_RUB__TOM,B,100005789864,1308,0,75.92,3000000,,
1797,EUR_RUB__TOM,B,100005790004,1323,1,75.9225,50000,,
1798,CHFRUB_TOM,B,100005790014,1265,0,63.6075,500000,,
1799,CHFRUB_TOM,B,100005790014,1324,1,63.5075,500000,,
1800,CHFRUB_TOM,B,100005790446,1324,0,63.5075,500000,,
1801,CHFRUB_TOM,B,100005790446,1325,1,63.3075,500000,,
1802,USD000UTSTOM,B,100005790513,1264,0,63.3025,100000,,
1803,EUR_RUB__TOM,B,100005790894,1323,0,75.9225,50000,,
1804,USD000UTSTOM,B,100005791052,1300,0,63.35,18000,,
1805,USD000UTSTOM,B,100005791404,1326,1,63.325,50000,,
1806,CHFRUB_TOM,B,100005791413,1325,0,63.3075,500000,,
1807,CHFRUB_TOM,B,100005791413,1327,1,63.2875,500000,,
1808,CNYRUB_TOM,B,100005791464,1319,0,9.9568,3000000,,
1809,USD000UTSTOM,B,100005791718,1328,1,63.3,100000,,
1810,USD000UTSTOM,B,100005791785,1326,0,63.325,50000,,
1811,USD000UTSTOM,B,100005796201,1328,0,63.3,100000,,
1812,USD000UTSTOM,B,100005800991,1329,1,63.2225,100000,,
1813,EUR_RUB__TOM,S,100005803403,1322,0,76.47,3000000,,
1814,USD000UTSTOM,B,100005806491,42,0,63.21,40000,,
1815,USD000UTSTOM,S,100005826406,41,0,63.41,40000,,
1816,EUR_RUB__TOM,B,100005828695,1253,0,76.035,3000000,,
1817,EUR_RUB__TOM,S,100005853842,1330,1,76.49,3000000,,
1818,USD000UTSTOM,B,100005857484,40,0,63.21,40000,,
1819,CNYRUB_TOM,B,100005872724,1304,0,9.9561,3000000,,
1820,USD000UTSTOM,S,100005887537,39,0,63.41,40000,,
1821,EUR_RUB__TOM,S,100005888120,1330,0,76.49,3000000,,
1822,EUR_RUB__TOM,S,100005890842,1317,0,76.185,1000000,,
1823,EUR_RUB__TOM,S,100005945160,1331,1,76.7,1000,,
1824,EUR_RUB__TOM,S,100005945160,1331,0,76.7,1000,,
1825,EUR_RUB__TOM,S,100005970949,1332,1,76.49,3000000,,
1826,EUR_RUB__TOM,S,100005972713,1176,0,76.225,3000000,,
1827,EUR_RUB__TOM,B,100005980035,1333,1,76.035,3000000,,
1828,USD000UTSTOM,B,100006023991,1334,1,63.3025,20000,,
1829,CHFRUB_TOM,B,100006024431,1327,0,63.2875,500000,,
1830,CHFRUB_TOM,B,100006024431,1335,1,63.3075,500000,,
1831,CHFRUB_TOM,B,100006024795,1335,0,63.3075,500000,,
1832,CHFRUB_TOM,B,100006024795,1336,1,63.29,500000,,
1833,USD000UTSTOM,S,100006025306,1196,0,63.3775,95000,,
1834,CHFRUB_TOM,S,100006025687,1337,1,63.83,500000,,
1835,CHFRUB_TOM,S,100006025687,1314,0,63.7275,500000,,
1836,CNYRUB_TOM,S,100006025697,1229,0,9.982,500000,,
1837,USD000UTSTOM,S,100006025893,1338,1,63.39,100000,,
1838,USD000UTSTOM,S,100006025893,1159,0,63.9875,100000,,
1839,CNYRUB_TOM,S,100006026018,1263,0,9.9814,3000000,,
1840,USD000UTSTOM,S,100006026745,1339,1,63.3875,100000,,
1841,EUR_RUB__TOM,S,100006027144,1340,1,76.195,50000,,
1842,USD000UTSTOM,S,100006027240,1338,0,63.39,100000,,
1843,USD000UTSTOM,S,100006027240,1341,1,63.385,100000,,
1844,EUR_RUB__TOM,S,100006027729,1340,0,76.195,50000,,
1845,USD000UTSTOM,S,100006028040,1342,1,63.3825,100000,,
1846,USD000UTSTOM,S,100006028040,1339,0,63.3875,100000,,
1847,USD000UTSTOM,S,100006028617,1343,1,63.38,100000,,
1848,USD000UTSTOM,S,100006028617,1341,0,63.385,100000,,
1849,EUR_RUB__TOM,B,100006030246,1344,1,75.915,3000000,,
1850,EUR_RUB__TOM,B,100006040186,1345,1,76.08,1000000,,
